2461 3078
1134 85 1355 119 -8-

169 187 303 227 καίτοι
325 188 464 237 πολλῷ
485 185 636 226 κλείων
658 184 741 226 ἐστὶ
759 187 911 240 σπουδὴ
933 188 1034 239 ,πρὸς
1056 189 1235 236 τούτους,
1258 196 1343 235 τοῖς
1367 189 1411 232 δὲ
1434 187 1485 228 ad
1509 188 1666 230 amieos.
1717 189 1879 230 Constat
1895 189 2011 230 verbo
2035 189 2203 236 τούτους
2225 200 2313 230 ora·
2376 192 2379 195 “

170 249 293 285 torem
314 245 511 296 appellare
536 246 693 285 amieos.
743 244 888 285 Horum
913 244 1173 296 praesentiam
1199 249 1321 298 pluris
1356 248 1536 287 aestimat
1566 260 1683 297 quam
1706 250 2024 289 calumniatorum
2060 249 2310 300 perfidorum.

170 304 317 344 Horum
341 304 442 344 enim
467 315 555 343 eum
579 303 674 342 nibil
698 304 863 351 intersit,
895 309 1022 344 utrum
1053 307 1144 346 mali
1180 307 1383 346 videantur
1417 318 1557 355 necne,
1589 306 1668 345 illis
1698 306 1906 347 ostendere
1941 307 2024 347 vult
2056 320 2100 348 se
2133 308 2240 349 nulla
2261 308 2312 348 iis

171 364 378 404 offensione
392 363 502 417 illata
516 363 684 414 priorem
711 374 735 401 a
759 364 876 403 sociis
901 375 985 403 esse
1010 364 1164 405 laesum.
1214 365 1358 411 Quibus
1385 367 1433 405 de
1446 365 1647 406 calumniis
1668 376 1897 416 quamquam
1923 378 1999 405 non
2012 367 2222 416 jucundum
2250 371 2311 406 est

171 435 296 471 agere,
321 427 458 478 tamen⁸
475 422 558 460 fieri
583 433 659 460 non
684 426 833 471 potest,
859 423 951 471 quin
976 420 1111 462 orator
1135 428 1273 472 taceat,
1300 438 1385 465 cum
1410 426 1449 472 ii,
1485 436 1578 474 quos
1602 435 1675 473 pro
1701 424 1834 464 amiei-
1851 425 1996 473 habuit‚
2018 419 2307 473 inimicissimos

171 494 214 522 se
237 480 468 531 praebeant..
526 498 530 502 ·

346 539 574 589 Priusquam
601 542 731 576 orator
755 539 803 576 de
830 540 1038 577 amicorum
1078 541 1307 590 perfidorum
1335 542 1561 580 calumniisa
1576 542 1643 587 git,
1669 552 1734 579 eos
1760 541 1965 590 vituperat,
1991 547 2041 589 et,
2056 543 2244 591 quomodo
2270 554 2312 582 se

152 603 315 649 gerant,
353 599 470 638 sociis
503 599 712 648 opprobria
745 598 852 646 facit,
889 601 1120 648 praesertim
1157 612 1240 639 cum
1276 601 1361 649 ipse
1392 602 1431 639 in
1473 612 1775 651 unumquemque
1810 600 2042 640 amicissime
2072 613 2114 641 se
2148 602 2312 650 gesserit

169 669 291 707 neque
325 657 443 696 ullam
476 657 525 695 iis
562 667 717 702 causam
743 657 904 714 dederit,
938 669 1007 696 cur
1042 659 1242 698 calumniis
1281 660 1483 699 afficiatur.
1548 659 1642 697 Tum
1681 659 1875 710 codicibus
1915 660 2031 705 verba
2066 662 2311 700 continentur

169 719 193 764 g
217 721 239 755 3
265 715 330 754 ἵνα
352 717 405 766 μή
428 730 489 761 τις
511 714 623 765 ὑμῶν
646 716 743 764 τάχα
767 716 815 765 δὴ
839 717 1001 766 βοηθῶν
1029 716 1088 762 οἷς
1113 718 1349 768 ἐξημάρτηκε
1376 718 1576 768 πρόφασιν
1600 720 1806 769 πορίσηται
1840 724 1909 768 τῆς
1931 716 2146 768 dumio&
2160 719 2309 759 εἰπάτω

168 773 250 820 οὖν,
274 776 336 819 τίς
359 773 471 823 ὑμῶν
493 773 560 812 ὑπ’
587 774 682 822 ἐμοῦ
705 779 837 818 κακῶς
861 774 1029 824 ἀκήκοεν
1055 777 1078 825 ἢ
1103 778 1319 822 πέπονθεν,
1344 788 1442 825 quae
1467 778 1570 815 viros
1597 777 1730 815 doctos
1758 776 1917 815 multum
1946 782 2189 816 vexaverunt.
2239 777 2308 816 Sa-

168 837 283 871 natus
310 838 370 871 est
396 832 457 882 bic
480 833 587 871 locus
614 832 757 879 Cobeti,
781 833 1002 882 plerumque
1030 834 1240 872 felicissimi
1268 834 1509 882 conjectoris,
1540 834 1805 873 emendatione
1830 834 1879 872 ab
1905 833 2081 872 omnibus
2106 834 2184 872 fere
2212 835 2305 875 viris

167 891 292 931 doctis
318 891 486 940 probata
510 895 550 929 et
574 903 598 943 a
624 891 911 929 Westermanno
948 886 987 929 in
1025 898 1170 931 textum
1206 898 1379 943 recepta:
1414 894 1548 932 εἴπατε
1576 895 1650 938 xlc.
1702 893 1992 939 Scheibius⁴⁶)‚
2032 892 2096 941 qui
2135 891 2309 930 codicum

166 951 369 989 lectionem
388 950 592 992 defendere
617 950 757 995 studet,
784 963 833 988 ex
856 963 949 989 voce
991 953 1231 990 antecedenti
1267 967 1326 996 τις
1362 950 1472 1000 ὑμῶν
1507 952 1648 1000 repetit
1681 966 1750 997 τις,
1787 951 1887 1000 quod
1925 951 1976 990 sit
2012 950 2223 998 subjectum
2258 951 2308 989 ad

167 1008 324 1047 verbum
356 1008 525 1054 εἰπάτω,
550 1018 646 1058 quae
671 1012 797 1046 tamen
832 1010 1051 1057 conjectura
1078 1012 1180 1049 omni
1207 1016 1312 1048 caret
1338 1022 1464 1048 sensu.
1517 1010 1612 1047 Nam
1640 1022 1712 1059 quo
1739 1010 1851 1047 modo
1878 1009 2117 1047 inimicorum
2144 1009 2305 1059 quisque

166 1069 296 1107 dicere
320 1073 468 1117 potest,
495 1068 630 1116 quibus
656 1068 817 1116 quisque
845 1069 1045 1108 calumniis
1074 1072 1121 1108 ab
1148 1076 1302 1109 oratore
1329 1071 1380 1108 sit
1406 1070 1590 1108 affectus?
1628 1069 1826 1114 Quomodo
1853 1069 2108 1119 corruptelam
2135 1068 2305 1109 declaret

166 1127 432 1166 Buermannus
446 1129 519 1173 ⁴¹⁷),
547 1126 610 1176 qui
636 1130 748 1175 putat
773 1127 939 1164 scribam
954 1128 1134 1169 dictionis
1153 1130 1315 1166 forensis
1340 1129 1503 1177 peritum
1521 1129 1707 1165 mutavise
1720 1128 1854 1166 εἴπατε
1877 1128 1918 1164 in
1938 1128 2100 1165 formam
2121 1128 2303 1165 usitatam

165 1190 477 1233 &Ludtoesratum
502 1187 618 1225 verba
643 1187 693 1225 ad
718 1191 863 1226 certam
902 1188 1090 1227 actionem
1117 1189 1319 1238 pertinere,
1358 1188 1471 1226 nimis
1505 1187 1716 1237 quaesitum
1750 1186 1842 1225 mihi
1881 1186 2044 1228 videtur.
2102 1186 2306 1227 Praeterea

164 1257 240 1284 non
274 1245 478 1295 probanda
511 1249 571 1282 est
594 1245 754 1282 mutatio
780 1257 804 1281 a
831 1245 1004 1282 Scheibio
1021 1250 1081 1290 ⁴⁸)
1109 1248 1308 1294 proposita
1335 1249 1358 1292 ξ
1382 1250 1403 1282 3
1424 1248 1521 1293 τάχα
1548 1248 1595 1295 δὴ
1619 1249 1782 1294 βοηθῶν
1808 1247 1967 1291 τούτοις
1994 1247 2222 1293 (incusatis),
2248 1246 2307 1291 οἶς

165 1306 318 1354 (quibus
334 1306 464 1348 rebus)
489 1304 695 1354 ἡμάρτηκε.
748 1304 875 1343 Verba
897 1310 977 1342 tum
1005 1306 1193 1344 haberent
1220 1306 1502 1352 obscuritatem,
1530 1318 1613 1344 cum
1639 1305 1796 1351 τούτοις
1825 1303 1874 1343 ad
1900 1303 2003 1344 aliud
2029 1304 2235 1345 referretur
2260 1316 2306 1345 ac

166 1361 234 1409 οἷς.
286 1362 362 1401 Sed
386 1362 457 1402 hoc
481 1362 565 1400 loco
592 1373 712 1399 nexus
732 1363 1008 1399 sententiarum
1026 1368 1084 1400 est
1101 1377 1108 1399 :
1136 1375 1181 1400 ne
1196 1364 1281 1412 quis
1303 1369 1471 1400 vestrum
1492 1363 1590 1399 sorte
1607 1374 1834 1399 succurrens
1852 1368 2011 1409 quaerat
2026 1365 2307 1400 excusationem

167 1434 307 1467 eorum,
335 1433 431 1470 quae
456 1422 644 1469 peccavit.
2025 1416 2028 1419 ’

345 1479 524 1529 Sequitur
535 1478 643 1517 locus
659 1478 789 1516 multis
802 1478 927 1516 modis
945 1483 1127 1518 tentatus.
1163 1480 1255 1520 Cod.
1276 1479 1311 1516 X
1337 1484 1375 1517 et
1392 1480 1424 1517 G
1442 1480 1625 1529 praebent
1641 1479 1842 1516 lectionem
1858 1480 1987 1516 καίτοι
2001 1478 2127 1522 οὕτως
2146 1479 2308 1526 ἐνοχλεῖ,

165 1537 265 1578 ὥστε
289 1541 380 1587 περὶ
406 1541 589 1583 ,πλείονος
612 1538 823 1587 ἐποιήσατο
838 1538 970 1576 δοκεῖν
988 1533 1084 1586 ἐμοῦ
1101 1540 1300 1587 κήδεσθαι,
1318 1540 1383 1577 καὶ
1397 1542 1546 1587 μᾶλλον
1561 1539 1656 1588 ἐμοῦ
1672 1545 1882 1577 κατειπεῖν.
1929 1537 1970 1576 In
1991 1537 2306 1578 antecedentibus

166 1598 292 1636 verbis
318 1608 470 1646 semper
493 1598 656 1635 incusati
690 1601 779 1634 sunt
813 1607 943 1633 omnes
979 1596 1116 1645 perfidi
1148 1598 1267 1640 socii;
1300 1609 1398 1635 nunc
1428 1598 1567 1635 transit
1601 1598 1723 1634 oratio
1759 1596 1809 1633 ad
1846 1608 2041 1634 numerum
2076 1598 2305 1643 singularem

166 1662 323 1707 repente
347 1661 386 1695 et
412 1656 601 1695 hominem
619 1656 778 1702 inducit,
804 1655 1043 1707 cujus'antea
1071 1656 1211 1694 mentio
1239 1655 1343 1694 facta
1368 1668 1442 1693 non
1468 1660 1537 1695 est.
1590 1655 1820 1703 Subjectum,
1836 1654 1882 1692 de
1900 1666 1975 1706 quo
1998 1655 2091 1694 illud
2116 1656 2306 1706 κήδεσθαι

164 1715 258 1765 ἐμοῦ
283 1716 542 1765 praedicatur,
570 1726 645 1753 non
669 1719 729 1753 est
746 1715 997 1753 nominatum.
1049 1714 1141 1758 Quis
1157 1719 1216 1752 est
1234 1715 1350 1760 igitur
1367 1715 1442 1762 ille,
1462 1715 1509 1758 de
1528 1726 1601 1763 quo
1620 1726 1720 1752 nunc
1738 1714 1889 1761 agitur?
1914 1713 2121 1753 Haeremus
2141 1716 2305 1764 primum

164 1776 204 1813 in
217 1775 412 1823 singulari,
438 1774 503 1824 qui
517 1767 697 1811 numerus
724 1776 826 1812 recte
852 1772 1050 1811 offensioni
1076 1776 1135 1810 est
1152 1773 1242 1810 viris
1257 1772 1379 1811 doctis
1395 1784 1514 1822 neque
1529 1772 1557 1811 F
1560 1772 1679 1811 ranzii
1694 1773 1820 1811 verbis
1834 1775 1909 1816 Μ);
1937 1771 2023 1818 „Ad
2037 1784 2153 1811 unum
2179 1773 2305 1811 inimi·
2322 1795 2330 1801 -

165 1845 293 1872 corum
321 1836 479 1882 repente
505 1832 740 1870 convertitur
766 1831 902 1878 oratio,
928 1842 1024 1879 quae
1048 1831 1262 1868 immutatio
1289 1833 1404 1869 menti
1438 1832 1693 1869 inflammatae
1729 1831 1893 1869 oratoris
1925 1832 2069 1879 optime
2104 1833 2305 1870 convenit“

164 1886 318 1931 defendi
338 1896 478 1941 potest,
493 1891 643 1935 deinde,
663 1890 763 1939 quod
784 1896 873 1939 post
889 1892 1071 1934 πλείονος
1091 1890 1264 1940 sequitur
1283 1903 1402 1940 neque
1420 1890 1610 1938 genitivus
1625 1889 1923 1939 comparationis
1941 1901 2062 1939 neque
2087 1890 2122 1940 ἢ.
2174 1889 2306 1940 Itaque

165 1951 261 1989 alius
288 1950 393 1988 aliud
418 1948 593 1986 adhibuit
617 1960 736 1996 genus
761 1949 833 1986 loci
861 1948 1035 1986 sanandi.

342 2007 526 2044 Videmus
549 2018 598 2043 ex
624 2006 866 2053 conjecturis,
893 2018 988 2055 quas
1025 2019 1246 2043 enumerare
1272 2006 1413 2052 lonjum
1440 2011 1509 2053 est,
1536 2006 1639 2044 viros
1665 2006 1810 2051 doctos,
1836 2004 1911 2041 nisi
1937 2014 1985 2041 ex
2024 2005 2104 2043 suis
2138 2006 2305 2053 ingeniis
2345 2022 2348 2024 ·

164 2068 265 2106 —in
280 2072 358 2106 tam
374 2067 582 2117 desperata
596 2065 769 2104 oratione
794 2064 917 2113 major
942 2065 1092 2113 ingenio
1118 2065 1276 2103 libertas
1304 2064 1461 2104 concedi
1486 2064 1581 2103 solet
1609 2086 1660 2092 —
1684 2063 1807 2103 locum
1834 2062 2024 2111 corrigere
2041 2064 2168 2102 conati
2198 2068 2303 2112 sunt,

164 2126 311 2164 duabus
345 2125 559 2163 rationibus
592 2125 716 2162 locum
750 2124 962 2162 sanandum
1007 2125 1213 2162 censuisse.
1265 2125 1379 2170 Sunt,
1418 2124 1480 2171 qui
1522 2124 1753 2170 singularem
1794 2122 1956 2171 probent
1998 2122 2065 2168 ita,
2102 2128 2144 2160 ut
2179 2121 2303 2161 sermo

163 2185 215 2223 sit
240 2187 308 2223 aut
331 2184 379 2223 de
402 2183 480 2231 illo,
516 2183 582 2232 qui
607 2182 817 2222 calumnias
850 2182 899 2220 ad
930 2182 1094 2221 oratoris
1129 2186 1310 2230 cognatos
1341 2181 1488 2229 detulit,
1524 2185 1591 2219 aut
1625 2181 1671 2218 de
1703 2180 1959 2227 Diodoro,⁶⁰)
1985 2180 2300 2236 calumniatorum

161 2243 348 2293 principe.
400 2242 476 2280 Sed
501 2242 552 2279 ad
579 2242 753 2279 nuntium
779 2241 943 2290 primum
971 2243 1094 2278 oratio
1125 2242 1265 2279 transit
1289 2252 1359 2289 per
1385 2241 1501 2278 verba
1526 2242 1549 2286 ξ
1570 2242 1593 2277 8
1612 2242 1702 2289 περὶ
1717 2241 1789 2289 μὲν
1805 2238 1877 2278 οὖν
1900 2247 1972 2279 τοῦ
1986 2241 2169 2288 λέγοντος
2186 2239 2303 2278 οὐδὲν

162 2301 211 2341 ἂν
234 2303 458 2352 περαίνοιτε
482 2300 779 2349 πυνθανόμενοι
804 2299 873 2344 ita,
898 2303 940 2337 ut
965 2304 1079 2338 antea
1104 2299 1183 2348 ejus
1209 2299 1349 2337 mentio
1374 2299 1477 2337 facta
1501 2310 1585 2337 esse
1610 2310 1685 2336 non
1710 2298 1852 2348 possit;
1886 2298 2023 2336 deinde
2047 2298 2096 2335 ad
2121 2298 2297 2336 nuntium

161 2372 238 2410 non
263 2360 455 2410 quadrant
479 2360 595 2397 verba
621 2360 753 2397 δοκεῖν
778 2359 873 2407 ἐμοῦ
897 2360 1098 2408 κήδεσθαι,
1126 2370 1209 2396 cum
1238 2370 1371 2395 revera
1388 2357 1450 2395 ille
1465 2357 1667 2396 benevolus
1686 2357 1852 2394 oratoris
1868 2368 1949 2394 rem
1968 2368 2042 2394 non
2062 2368 2175 2405 agere
2198 2357 2302 2396 visus

161 2419 225 2468 sit,
238 2418 307 2458 sed
315 2418 477 2467 gesserit
485 2419 737 2467 cognatisque
751 2417 918 2456 oratoris
932 2416 1176 2454 familiarium
1191 2416 1396 2455 maledicta
1412 2420 1450 2453 et
1464 2416 1638 2454 convicia
1648 2415 1934 2454 renuntiaverit.
1961 2417 1985 2462 ξ
1996 2415 2019 2452 9
2032 2416 2303 2465 χαριζόμενος.

161 2477 234 2523 Qui
258 2477 314 2515 ita
332 2477 478 2526 oratori
510 2477 687 2522 consulit,
721 2477 904 2515 molestus
939 2476 1015 2514 dici
1054 2487 1128 2513 non
1166 2479 1306 2524 potest.
1358 2475 1487 2524 Neque
1520 2476 1673 2513 nuntius
1709 2486 1829 2524 neque
1851 2474 2044 2512 Diodorus
2082 2474 2140 2512 his
2176 2475 2301 2513 verbis
2352 2512 2354 2515 .

337 2567 379 2604 ⁴⁶)
401 2567 540 2599 Scheibe
561 2567 665 2606 praef.
687 2567 740 2597 ed.
760 2577 792 2605 p.
813 2565 903 2598 XXI.
946 2567 987 2603 ⁴⁷)
1009 2566 1205 2604 Buermaun,
1219 2574 1247 2595 a.
1271 2575 1300 2597 a.
1325 2564 1360 2597 Ο.
1382 2575 1413 2605 p.
1438 2566 1508 2596 853.
1551 2565 1593 2602 ⁴⁰)
1617 2564 1767 2604 Scheibe,
1795 2574 1825 2596 a.
1848 2573 1878 2596 a.
1900 2563 1937 2596 Ο.
1960 2574 1993 2604 p.
2015 2563 2105 2598 XXI.
2148 2565 2190 2602 ⁴⁹)
2212 2573 2243 2596 ι.
2270 2572 2301 2596 ι·

162 2616 200 2650 Ο.
221 2627 252 2658 p.
273 2618 345 2650 255.
389 2618 433 2657 ⁶⁰)
456 2617 631 2657 Holscher,
653 2626 683 2649 a.
705 2626 734 2649 a.
757 2616 793 2648 Ο.
816 2627 848 2657 p.
869 2616 920 2648 71.
1829 2625 1832 2627 ’
