2461 3078
1085 102 1331 136 -18-

139 205 328 243 ἀδικοῦσι.
379 205 560 249 Quamvis
587 205 839 244 Hoelscherus
852 207 910 254 ⁸⁸)
943 211 1053 253 neget
1090 206 1191 255 apud
1217 206 1372 254 Lysiam
1400 207 1569 243 dativum
1606 209 1786 255 reperiri,
1823 213 1951 246 tamen
1986 210 2110 247 locum
2147 209 2270 252 habet,

140 264 205 302 ubi
219 265 371 302 verbum
387 275 463 302 non
477 264 668 313 significat
681 265 934 315 „vituperare,
950 266 1156 303 accusare*
1183 268 1409 314 μέμψασθαι
1430 265 1522 309 τοὺς
1547 263 1788 313 ἀδικοῦντας,
1814 267 1883 306 sed
1901 267 2133 318 „opprobria
2145 267 2271 306 facere

142 324 291 362 alicui.“
342 323 511 361 Eandem
538 325 643 361 verbi
669 325 1001 368 constructionem,
1028 325 1101 360 nisi
1129 324 1280 361 adferas
1307 324 1396 372 Lys.
1425 324 1468 363 II.
1497 329 1530 363 1.
1555 325 1781 375 ἐμεμψάμην
1813 325 1863 363 ἂν
1894 334 1977 371 τοῖς
2008 327 2273 375 ἐπαγγείλασιν

140 382 200 423 ἐπ’
227 381 360 427 αὐτοῖς
385 381 427 430 ἐξ
452 381 596 432 ὀλίγων
621 381 774 433 ἡμερῶν
801 383 936 433 λέγειν,
963 382 1105 423 Erotio.
1129 382 1225 422 Plat.
1242 382 1400 423 Phaedr.
1416 384 1490 422 234
1515 383 1545 422 Β
1571 392 1654 428 τοῖς
1680 385 1722 423 δὲ
1745 386 1798 435 μὴ
1822 384 1962 436 ἐρῶσιν
1976 384 2100 432 οὐδεὶς
2112 386 2273 425 πώποτε

138 448 222 481 τῶν
245 443 403 481 οἰκείων
428 442 626 492 ἐμέμψατο
643 440 707 488 ὡς,
733 443 945 480 invenimus
963 441 1065 491 apud
1086 442 1375 480 Demosthenem
1393 442 1495 481 XIX.
1517 446 1575 482 18.
1628 442 1707 482 VII.
1723 448 1782 483 21.
1808 444 1903 483 Plat.
1925 445 2098 495 Sympos.
2149 450 2221 485 213
2242 445 2273 483 E

141 507 180 540 et
213 502 345 540 multis
380 502 466 540 aliis
501 502 607 541 locis.
634 525 680 530 —-
708 501 872 540 Verbum
898 504 1081 551 τιμήσειν,
1119 502 1219 549 quod
1253 502 1290 538 in
1317 505 1569 552 προτιμήσειν
1594 503 1856 549 corrigendum
1884 506 2065 552 proponit
2090 506 2268 543 Reiskius

139 565 179 599 et
203 560 446 599 Frankenius
461 563 531 608 ⁸⁹),
558 560 663 609 cujus
689 564 816 598 tamen
845 560 1077 598 constructio
1098 560 1144 598 ob
1172 571 1334 610 sequens
1359 562 1393 600 εί
1412 566 1513 600 recte
1535 560 1729 600 offensioni
1749 566 1809 600 est
1827 560 2036 601 Fritzschio
2052 566 2121 612 ⁹⁰),
2148 568 2270 603 mutat

139 622 342 669 Emporias
360 623 399 658 in
415 619 508 668 παρ’
533 622 648 659 οὐδὲν
666 619 771 668 οἶμαι
787 623 960 669 τιμήσειν
974 620 1106 665 „nihili
1123 622 1361 658 aestimare“.
1412 621 1514 664 Quae
1538 621 1755 667 conjectura
1769 623 1968 669 quominus
1991 623 2186 669 probetur,
2200 623 2270 659 im-

139 679 248 730 pedit
265 691 384 728 genus
401 679 579 728 activum,
605 679 644 718 id
672 678 772 729 quod
800 682 900 718 reete
927 678 1123 717 contendit
1137 677 1294 717 Bakius.
1348 678 1398 718 Ut
1415 692 1561 726 sensus,
1587 691 1698 729 quem
1715 691 1940 730 expressum
1960 681 2040 719 vult
2058 680 2272 731 Emporias,

139 739 330 776 efficiatur
356 749 508 786 semper
530 739 608 775 fere
634 743 843 786 usurpatur
878 738 1042 774 medium
1078 742 1263 785 τιμᾶσθαι
1295 741 1385 785 παρ’
1417 739 1553 783 οὐδέν,·
1586 740 1722 776 deinde
1750 739 1882 786 Lysias
1912 739 1950 783 in
1979 739 2048 775 hac
2082 741 2272 776 sententia

139 796 393 846 exprimenda
416 796 587 846 praefert
612 796 738 835 media
763 799 973 842 ποιεῖσθαι,
998 795 1175 846 ἡγεῖσθαι
1202 796 1331 846 hisque
1365 796 1487 835 utitur
1512 797 1869 837 constructionibus.
1922 796 1991 835 vu
2018 801 2077 837 26.
2131 796 2211 836 XII.
2239 801 2271 837 7.

137 856 280 895 XXXI.
297 860 355 894 31.
406 857 496 904 περὶ
514 855 672 901 οὐδενὸς
684 856 885 906 ἡγεῖσθαι,·
909 858 999 902 περὶ
1012 860 1164 894 πολλοῦ
1180 860 1380 894 ποιεῖσθαι
1398 857 1424 895 Ι.
1441 861 1473 895 1.
1524 857 1604 897 VII.
1625 863 1690 896 ⁴26.
1716 859 1805 907 περὶ
1830 859 2011 902 πλείονος
2034 859 2272 906 ποιήσασθαι

137 914 244 953 XIV.
276 918 337 955 40.
389 917 480 964 περὶ
513 915 721 960 ἐλάττονος
751 919 951 954 ποιεῖσθαι
976 915 1133 954 XXXII.
1162 918 1218 953 17.
1270 914 1351 953 Ηοο
1380 915 1462 954 loco
1488 919 1662 967 τιμήσειν
1687 917 1816 956 eodem
1843 928 1956 954 sensu
1994 920 2202 964 usurpatur
2228 926 2272 953 ac

135 977 325 1023 μελήσειν,
353 974 456 1023 quod
483 975 637 1021 conjicit
663 974 871 1017 Scheibius,
898 975 1055 1021 Bakius,
1084 974 1344 1020 Frankeniu83
1373 976 1480 1011 verbi
1505 978 1679 1024 τιμήσειν
1705 977 1808 1013 notio
1833 976 1888 1012 ita
1913 981 1971 1012 est
1996 974 2205 1019 debilitata,
2230 980 2272 1010 ut

137 1033 253 1073 verbo
280 1033 412 1073 eadem
450 1032 553 1072 notio
589 1032 831 1072 contineatur
865 1044 910 1073 ac
936 1033 1049 1072 verbo
1075 1034 1262 1084 μελήσειν.
1289 1055 1337 1060 -
1363 1030 1488 1080 Verbo
1512 1034 1709 1085 πρότερον
1719 1034 1799 1073 'non
1821 1033 1914 1074 dicit
1932 1038 2062 1072 orator
2087 1044 2128 1071 se
2150 1031 2268 1071 viola-

139 1099 221 1130 tum
250 1095 427 1131 inimicos
453 1095 654 1130 calumniis
681 1094 866 1139 affecisse,
893 1096 962 1130 sed
987 1095 1184 1141 πρότερον
1215 1100 1436 1140 usurpatum
1473 1099 1532 1130 est
1558 1096 1690 1131 eodem
1721 1096 1844 1140 modo,
1879 1106 1950 1142 quo
1977 1094 2113 1141 Lysias
2150 1094 2270 1128 utitur

135 1155 232 1204 πρὶν
257 1157 296 1191 et
329 1153 525 1203 πρότερον
548 1153 730 1201 πρίνθῑ).
783 1152 963 1190 Fortasse
990 1164 1136 1199 sensus,
1163 1152 1225 1201 qui
1254 1152 1474 1200 requiritur,
1501 1151 1662 1191 efficitur
1689 1153 1907 1201 conjectura
1931 1152 2134 1201 πρότερος,
2159 1162 2270 1200 quam

136 1213 320 1263 proponit
335 1212 501 1250 Cobetus
527 1213 565 1249 in
593 1211 772 1258 editione,
797 1212 869 1249 nisi
898 1216 1078 1260 putamus
1104 1216 1193 1260 post
1225 1212 1421 1260 πρότερον
1447 1212 1633 1250 excidisse
1659 1212 1909 1258 enuntiatum,
1942 1223 2015 1261 quo
2053 1213 2148 1260 πρὶν
2180 1221 2269 1248 con-

136 1273 342 1311 tinebatur.
367 1295 418 1300 —
435 1273 532 1320 τάχα
557 1271 778 1309 adverbium
805 1284 827 1308 a
853 1271 992 1319 Lysiae
1019 1282 1192 1308 sermone
1228 1271 1378 1309 dicendi
1414 1271 1577 1309 alienum
1618 1271 1730 1309 modo
1767 1272 1960 1309 invenitur
1986 1271 2082 1309 VIII.
2120 1275 2162 1316 33
2198 1282 2271 1318 qua

136 1332 185 1369 de
219 1341 337 1369 causa
371 1331 530 1368 mutatio
564 1330 776 1368 Frankenii
802 1329 941 1367 XXXI.
968 1332 990 1365 6
1018 1328 1080 1367 ὅτι
1105 1330 1184 1377 τάχ’
1213 1328 1262 1366 ἂν
1287 1340 1362 1365 non
1388 1335 1446 1366 est
1470 1329 1669 1379 probanda
1693 1330 1732 1366 in
1760 1330 1931 1367 oratione
1951 1330 2196 1379 Lysiaca⁹²).
2231 1350 2269 1354 —-

135 1390 317 1429 ἐναντίον
337 1397 406 1440 τῆς
423 1389 593 1435 ἐλπίδος,
620 1401 716 1439 quae
748 1388 844 1426 miro
872 1388 1013 1426 locutio
1046 1400 1069 1425 a
1094 1388 1232 1437 Lysiae
1259 1400 1432 1426 sermone
1459 1388 1609 1427 dicendi
1637 1388 1815 1426 abhorret
1838 1401 1907 1438 pro
1936 1389 2100 1427 formula
2131 1389 2273 1427 usitata

135 1447 229 1499 παρ’
255 1450 394 1488 ἐλπίδα
418 1455 598 1499 „praeter
624 1451 768 1499 spem.“
792 1447 893 1486 XVI.
921 1452 956 1487 3.
981 1448 1088 1497 παρὰ
1112 1449 1185 1498 τὴν
1211 1449 1340 1496 δόξαν.
1392 1447 1495 1487 XIX.
1520 1451 1581 1487 49.
1607 1448 1714 1497 παρὰ
1726 1449 1773 1487 τὸ
1789 1449 1902 1494 εἰκὸς,
1930 1460 2040 1498 quam
2065 1447 2272 1496 interpola·

111 1509 279 1555 ,tionem
316 1508 476 1558 praebet
510 1507 631 1545 codex
667 1508 944 1545 Laurentianus
972 1507 1087 1553 0⁹³),
1114 1509 1193 1545 sive
1221 1507 1264 1546 11.
1293 1512 1327 1546 9.
1362 1509 1429 1545 καὶ
1465 1515 1597 1557 κοινῆς
1629 1508 1785 1553 ἐλπίδος
1818 1507 2109 1558 ἡμαρτηκότες.-
2145 1507 2185 1545 11.
2212 1511 2271 1545 27.

134 1568 372 1618 ἐψευσμένος
397 1569 438 1607 δὲ
463 1575 531 1619 τῆς
556 1567 723 1612 ἐλπίδος.
774 1566 889 1616 Apud
917 1566 1069 1615 Lysiam
1097 1566 1208 1604 modo
1242 1567 1454 1605 invenimus
1480 1567 1660 1606 ἐναντίον
1684 1568 1792 1612 τινὸς
1817 1579 1968 1615 „coram
1996 1567 2144 1616 alique·
2173 1566 2271 1604 VIII·

139 1632 173 1667 1.
198 1624 256 1666 ὦν
280 1628 460 1666 ἐναντίον
483 1626 602 1665 XVII.
629 1631 663 1665 2.
702 1623 760 1664 ὧν
775 1626 957 1664 ἐναντίον
969 1626 1101 1676 ἐδόθη.
1141 1626 1261 1665 XVII.
1281 1630 1337 1664 10.
1353 1628 1418 1664 καὶ
1433 1632 1515 1664 τῶν
1529 1627 1723 1665 συνδίκων
1748 1626 1928 1664 ἐναντίον
1939 1625 2058 1675 ὑμῶν.
2097 1626 2271 1664 XIII.41.

137 1688 318 1726 ἐναντίον
338 1688 380 1725 δὲ
395 1694 463 1736 τῆς
483 1686 650 1736 ἀδελφῆς
666 1693 735 1736 τῆς
756 1686 856 1735 ἐμῆς.
899 1685 1000 1724 ΧΙΙΙ.
1015 1688 1076 1724 86.
1127 1686 1309 1724 ἐναντίον
1335 1688 1605 1725 πεντακοσίων
1624 1686 1667 1724 ἐν
1690 1690 1738 1734 τῇ
1753 1689 1875 1734 βουλῇ
1890 1686 1937 1723 de
1955 1687 2101 1723 homine
2116 1686 2272 1729 dictum,

136 1747 201 1798 qui
226 1752 355 1786 coram
383 1746 510 1796 aliquo
537 1750 607 1793 est,
633 1755 710 1782 non
738 1744 784 1782 de
811 1756 900 1795 spe,
934 1756 1030 1795 quae
1065 1756 1085 1783 e
1121 1745 1312 1784 contrario
1352 1745 1432 1794 ejus
1465 1750 1538 1793 est,
1579 1745 1679 1795 quod
1720 1750 1850 1783 orator
1885 1748 2184 1795 exspectaverat.
2223 1765 2272 1770 —

135 1809 342 1857 πορίσηται
367 1819 437 1856 pro
470 1806 595 1844 activo
625 1807 800 1854 πορίζειν
832 1810 934 1844 recte
960 1812 1019 1843 est
1051 1806 1247 1843 offensioni
1276 1806 1436 1852 Pertzio,
1473 1818 1555 1844 cum
1583 1806 1747 1843 medium
1774 1806 1877 1854 apud
1910 1806 2061 1855 Lysiam
2087 1805 2272 1851 significet

136 1866 233 1914 „sibi
251 1867 500 1916 comparare⁶⁴
516 1863 656 1903 XXIX.
674 1868 706 1903 7.
746 1864 799 1908 είς
813 1869 933 1902 τοῦτο
948 1865 1093 1915 τόλμης
1108 1864 1311 1915 ἐλήλυθεν,
1323 1863 1422 1904 ὥστε
1442 1866 1639 1915 μάρτυρας
1649 1865 1882 1915 πεπόρισται
1898 1866 1937 1903 οἳ
1950 1865 2270 1914 μαρτυρήσουσιν.

136 1926 211 1965 Sed
247 1930 378 1964 nostro
415 1926 499 1963 Ioco
528 1917 736 1973 requiritur
772 1924 877 1961 notio
906 1925 1191 1972 ‚,praetexendi,
1222 1925 1468 1972 confingendi,
1505 1926 1786 1971 machinandi“,
1821 1936 1931 1973 quam
1971 1925 2135 1973 primum
2171 1922 2273 1971 apud

136 1985 334 2036 Polybium
361 1989 400 2023 et
425 1984 660 2034 posteriores
696 1983 871 2021 evenisse
898 1987 1071 2032 apparet.
1091 2005 1140 2010 —
1161 1992 1359 2022 κατειπεῖν
1386 1984 1470 2022 aliis
1497 1984 1592 2023 locis
1619 1989 1677 2023 est
1713 1983 1814 2033 apud
1841 1982 1992 2032 Lysiam
2017 1983 2187 2031 „deferre
2206 1981 2271 2029 -ju-

137 2045 323 2092 dicium“;
351 2049 484 2082 contra
498 2044 559 2080 hic
573 2042 832 2090 „infamandi‘·
852 2042 955 2078 notio
974 2043 1180 2089 quaeritur.
1221 2043 1421 2091 Emperius
1443 2044 1600 2090 corrigit
1624 2044 1707 2091 ἐμοὶ
1724 2051 1917 2088 κατεῖπεν,
1932 2054 2026 2091 quae
2040 2047 2168 2079 tamen
2183 2052 2270 2078 con-

132 2104 282 2154 jectura
294 2102 466 2142 funditus
482 2102 583 2141 tollit
598 2101 808 2139 antithesin
825 2100 920 2151 ἐμοῦ
947 2102 1132 2152 κήδεσθαι
1157 2125 1206 2130 —
1231 2103 1325 2152 ἐμοῦ
1338 2111 1531 2149 κατεῖπεν,
1558 2115 1667 2152 quam
1691 2109 1795 2142 amat
1810 2109 1949 2141 orator.
1965 2125 2015 2131 —
2035 2104 2273 2149 συνθεωρεῖν

136 2164 249 2201 modo
276 2162 381 2211 apud
405 2162 640 2210 posteriores
667 2161 861 2197 invenitur
887 2162 1102 2207 significans
1141 2173 1239 2208 „una
1265 2174 1348 2199 cum
1386 2162 1511 2210 aliquo
1546 2162 1818 2210 contemplari,
1850 2161 2116 2199 considerare“
2143 2160 2272 2207 Polyb.

136 2220 163 2261 I.
191 2224 225 2261 9.
253 2225 287 2260 3.
340 2219 422 2261 Hoc
448 2221 531 2260 loco
559 2225 615 2259 est
640 2223 882 2269 συνθεωρεῖν
909 2232 1016 2267 „sum
1043 2221 1154 2258 simul
1179 2221 1347 2269 legatus,
1384 2221 1547 2270 θεωρός,
1574 2220 1809 2259 Teilnehmer
1844 2221 1950 2258 einer
1975 2219 2269 2267 Festgenossen·

136 2281 259 2319 schaft
285 2281 412 2328 sein“‚
448 2292 561 2330 quam
601 2281 795 2317 notionem
838 2279 950 2316 modo
977 2279 1080 2317 locus
1107 2281 1273 2328 praebet,
1299 2281 1363 2329 qui
1383 2281 1575 2317 invenitur
1601 2280 1703 2327 apud
1730 2280 1930 2329 Aristoph.
1950 2279 2077 2327 Wesp.
2107 2279 2200 2314 1187
2218 2274 2271 2320 ὡς

135 2340 392 2390 ξυνεθεώρεις
421 2337 643 2390 Ἀνδροκλεῖ
657 2341 723 2378 καὶ
758 2340 998 2378 Κλεισθένει.
1016 2362 1065 2367 —
1091 2340 1297 2379 Rarissime
1322 2341 1424 2390 apud
1446 2340 1599 2390 Lysiam
1620 2340 1916 2390 deprehenditur
1948 2340 2051 2378 color
2085 2339 2269 2389 poeticus,

136 2411 245 2451 quem
275 2399 387 2438 affert
415 2399 587 2438 Blassius
602 2403 672 2445 ⁹⁴).
727 2398 766 2435 In
793 2404 928 2436 nostra
955 2400 1125 2438 oratione
1152 2406 1193 2438 ut
1213 2401 1315 2450 apud
1343 2405 1478 2450 poetas
1496 2406 1535 2438 et
1549 2401 1756 2450 scriptores
1785 2401 2018 2451 posteriores
2035 2403 2269 2448 usurpantur

134 2462 364 2509 πολύφιλος,
389 2463 593 2504 πλουτῶν,
618 2458 949 2508 ὑπερευδοκιμεῐν,
974 2460 1170 2508 κήδεσθαι,
1203 2459 1372 2509 ἀνιαρός.
1424 2461 1512 2509 Lys.
1540 2460 1583 2498 II.
1610 2461 1668 2506 73,
1707 2472 1802 2508 quae
1838 2460 1958 2496 orati0
1996 2460 2080 2507 jure
2107 2471 2129 2495 a
2155 2457 2269 2505 Lysia

313 2551 355 2587 ⁶⁰)
378 2549 578 2589 Hoelseher‚
610 2559 640 2581 a.
665 2559 694 2581 a.
718 2549 753 2581 Ο.
776 2559 808 2589 p.
829 2550 880 2580 72.
928 2549 966 2587 ⁸⁹)
990 2549 1151 2589 Frankcn,
1174 2560 1202 2581 a.
1231 2561 1263 2582 a.
1282 2550 1316 2582 Ο.
1341 2560 1371 2589 p.
1398 2551 1447 2580 ⁴32.
1492 2550 1531 2586 ⁹⁰)
1556 2549 1735 2589 Fritzsche‚
1760 2559 1789 2580 a.
1814 2559 1843 2580 a.
1867 2549 1902 2580 Ο.
1938 2560 1968 2589 p.
1992 2551 2041 2580 21.
2084 2549 2268 2589 Emperius,

135 2610 166 2632 a.
188 2610 219 2632 a.
240 2601 276 2632 Ο.
321 2602 359 2639 ⁹¹)
383 2601 562 2640 Gleiniger,
593 2610 622 2631 a,
646 2610 676 2632 a.
698 2600 735 2631 Ο.
757 2610 788 2640 p.
815 2602 884 2631 177.
929 2600 1154 2640 Frohberger‚
1177 2601 1249 2632 XII.
1277 2604 1323 2633 17.
1346 2611 1377 2632 u.
1400 2601 1482 2640 Ahg.
1526 2601 1565 2639 ⁹²)
1589 2601 1806 2640 Frohberger,
1829 2600 1946 2632 XXXI.
1969 2603 1998 2632 6.
2020 2602 2059 2632 A.
2103 2602 2140 2640 ⁹³)
2165 2601 2266 2632 Frob-

135 2653 263 2692 berger,
284 2662 312 2683 z.
334 2651 422 2684 XIX.
444 2653 496 2683 49.
517 2652 600 2691 Ahg.
644 2652 684 2689 ⁹¹²)
705 2652 817 2692 Blass,
840 2660 870 2683 a.
894 2660 924 2683 a.
947 2651 984 2683 Ο.
