2461 3078
1084 97 1328 130 -11-

151 202 173 253 ξ
199 206 251 252 12,
270 201 481 252 παρόντων
504 206 585 240 τῶν
614 201 824 250 διαιτητῶν
858 199 1105 250 ὀργιζόμενος
1140 198 1161 239 ὁ
1198 202 1399 251 Πολυκλῆς
1440 199 1548 240 εἶπεν
1582 196 1644 240 ὅτι
1685 202 1751 239 καὶ
1784 208 1867 245 τοῖς
1901 199 2006 249 ἐμοῖς
2041 200 2275 250 ἐπιτηδείοις

151 260 298 300 ἀδικειν
322 262 491 311 δοκοίην,
526 259 586 298 cui
620 263 748 298 orator
773 258 971 299 duodecim
999 259 1121 298 minas
1160 264 1311 298 mutuas
1345 260 1523 307 dederat,
1558 260 1701 298 oratori
1737 271 1873 310 equum
1911 258 2040 297 morbo
2079 258 2268 297 defessum

152 320 426 371 oppigneravit.
490 318 561 363 Qui
605 330 688 357 cum
732 319 863 356 morbo
909 331 992 357 eum
1036 318 1210 356 laborare
1254 319 1570 357 animadverteret
1605 324 1643 357 et
1676 330 1812 369 equum
1846 319 2051 356 adductum
2091 318 2275 356 reducere

153 379 276 423 vellet,
300 379 456 424 veritus,
484 389 530 416 ne
557 378 640 427 ipso
667 389 804 426 equum
831 382 982 416 tenente
1007 381 1228 420 moreretur,
1255 377 1419 414 Diodoro
1448 382 1485 415 et
1510 377 1646 415 ceteris
1673 378 1806 416 amicis
1834 377 1987 425 perfidis
2003 377 2265 422 suadentibus,

152 437 216 485 qui
243 436 418 475 dicebant
443 436 634 485 Polyclem
661 436 861 485 pecuniam
880 435 996 473 nihilo
1016 435 1138 472 minus
1161 445 1244 472 esse
1265 435 1484 481 soluturum,
1512 435 1701 473 retinebat
1718 446 1865 484 equum.
1915 434 2066 473 Accidit
2086 435 2137 482 id,
2165 434 2267 484 quod

153 500 349 543 metuerat.
400 494 506 544 Equo
534 499 681 532 mortuo
704 494 875 544 Polycles
901 495 1098 544 pecuniam
1120 506 1203 531 sese
1222 494 1377 542 pignore
1397 494 1545 531 sublato
1573 494 1809 531 redditurum
1830 506 1911 531 esse
1932 496 2093 540 negavit.
2146 495 2265 532 Simul

152 554 276 592 subito
303 553 414 591 amici
440 552 575 603 perfidi
601 552 719 590 actori
746 553 993 591 adversantes
1014 564 1037 590 a
1055 552 1229 601 partibus
1247 552 1406 602 Polyclis
1426 556 1614 590 steterunt
1632 556 1810 600 negantes
1831 555 2021 589 oratorem
2044 552 2129 601 jure
2148 563 2264 602 pecu-

151 615 254 652 niam
280 624 491 661 reposcere.
542 612 707 650 Consilio
735 623 863 649 eorum
890 624 964 649 non
991 612 1085 649 satis
1111 615 1310 658 perspecto
1338 612 1595 649 arbitrabatur
1622 617 1752 649 orator
1778 612 1920 649 amicos
1952 611 2267 659 philosophantes

150 671 292 720 ingenii
318 670 517 710 exercendi
545 681 660 709 causa
687 681 734 707 ex
766 681 868 708 more
905 669 1212 720 philosophorum
1251 670 1509 723 contradicere
1547 669 1594 707 de
1631 682 1671 708 re
1707 669 1916 720 proposita.
1967 669 2169 720 Postquam
2211 682 2275 708 res

151 732 201 769 ad
227 732 392 769 arbitros
420 736 478 768 est
504 730 641 775 delata,
668 730 842 776 cognovit
860 735 1061 767 accusator
1083 730 1225 766 amicos
1245 735 1376 766 contra
1395 742 1434 767 se
1454 730 1598 767 dixisse
1616 735 1653 766 et
1672 730 1804 775 egisse.
1833 735 1873 766 ut
1891 729 1938 765 de
1954 730 2082 766 causis
2117 730 2277 776 auditis,

151 803 244 843 quas
272 798 398 829 orator
424 788 525 839 apud
550 787 696 837 judices
724 793 806 826 erat
843 788 1034 832 dicturus,
1071 788 1269 827 certiorem
1305 787 1470 834 facerent
1496 787 1697 838 Polyclem.
1749 787 1867 833 Quam
1903 788 2053 838 quidem
2093 787 2266 827 fraudem

151 852 322 900 percepit
348 855 490 888 orator.
517 860 599 885 cum
628 848 799 896 Polycles
826 860 951 885 coram
968 848 1123 885 arbitris
1146 848 1288 884 diceret
1304 848 1442 884 amicos
1463 849 1628 884 oratoris
1646 848 1752 896 ipsos
1780 849 1972 885 confessos
2001 860 2083 885 esse
2113 860 2267 886 causam

151 909 313 947 oratoris
342 920 425 946 esse
452 906 645 953 injustam.
674 928 719 933 —

328 967 429 1004 Haec
455 971 514 1003 est
541 976 656 1003 causa
682 964 781 1014 apud
806 964 950 1012 judices
978 968 1075 1002 acta.
1128 963 1198 1001 Res
1235 976 1398 1002 summas
1436 964 1545 1002 modo
1579 965 1701 1002 oratio
1738 965 1900 1003 strictim
1936 965 2058 1012 tangit
2090 965 2267 1002 brevibus

150 1025 481 1067 enuntIationibus‚
507 1025 628 1072 iisque
655 1035 767 1071 saepe
794 1023 904 1061 nullis
931 1023 1076 1072 copulis
1103 1023 1201 1060 inter
1228 1035 1268 1060 se
1295 1024 1401 1061 nexis
1429 1027 1451 1070 ξ
1480 1028 1524 1061 10
1551 1028 1592 1061 ut
1617 1023 1773 1072 ἀνάγειν
1806 1038 1852 1072 με
1870 1024 2120 1071 βουλόμενον.
2172 1023 2194 1072 ξ
2223 1028 2266 1061 11

148 1084 318 1133 καίτοιγε
343 1088 518 1132 σφῶνγε
543 1080 672 1119 αὐτῶν
696 1081 949 1131 κατηγόρουν.
1000 1081 1022 1126 ξ
1051 1084 1108 1119 12.
1135 1080 1172 1118 οἱ
1191 1081 1222 1119 δ’
1250 1079 1324 1131 ἄρα
1349 1081 1419 1119 οὐκ
1443 1081 1651 1131 ἀντέλεγον
1675 1080 1760 1120 ἀλλ’
1799 1082 2078 1131 ἀντέπραττον.
2113 1084 2178 1120 καὶ
2204 1082 2267 1121 διὰ

149 1149 267 1181 τοῦτο
293 1143 572 1191 ἀντέπραττον.
623 1141 800 1190 ἐδηλώθη
829 1140 901 1189 γὰρ
925 1146 1058 1178 ταῦτα.
1109 1141 1318 1189 παρόντων
1348 1147 1427 1179 τῶν
1467 1143 1685 1191 διαιτητῶν.
1749 1138 1824 1190 ἆρά
1848 1156 1889 1190 γε
1921 1148 2042 1179 ταῦτα
2075 1144 2273 1189 ξυμβαίνει

149 1209 231 1244 τοῖς
255 1200 602 1251 ἀπαγγελλομένοις
611 1215 624 1245 ‚·
647 1201 712 1237 καὶ
744 1205 866 1237 ταῦτα
898 1200 937 1235 τί
961 1211 1007 1246 με
1032 1198 1092 1235 δεῖ
1114 1199 1383 1247 φανερώτερον
1417 1199 1622 1248 ἐξελέγχειν
1647 1199 1727 1244 ἔτι;
1765 1200 1787 1244 ξ
1819 1204 1875 1238 13.
1902 1198 1949 1237 οὐ
1973 1199 2045 1248 γὰρ
2071 1200 2117 1249 δὴ
2142 1206 2274 1249 παρῆν

148 1260 313 1304 τούτοις·
369 1263 392 1307 ξ
420 1263 476 1298 15.
502 1259 597 1307 μετὰ
621 1265 739 1297 τοῦτο
769 1257 1032 1307 Αὐτοκράτης.
1088 1256 1211 1294 Verba
1236 1259 1359 1306 prima
1385 1261 1406 1304 ξ
1434 1263 1479 1296 10
1502 1265 1590 1296 sunt
1612 1265 1794 1307 corrupta
1820 1264 1857 1296 et
1884 1259 2100 1307 deperdita;
2127 1259 2268 1296 lacuna

149 1322 208 1355 est
238 1340 277 1344 —
307 1318 413 1366 cujus
436 1318 607 1366 jacturae
623 1316 735 1366 culpa
761 1321 819 1353 est
846 1316 884 1353 in
910 1316 1063 1353 librario
1095 1336 1136 1340 —
1166 1320 1253 1364 post
1277 1319 1347 1354 τοῦ
1376 1317 1507 1363 ἵππου,
1536 1329 1609 1366 qua
1645 1317 1790 1356 excidit
1812 1318 1964 1355 verbum
1985 1317 2085 1356 unde
2103 1317 2272 1366 pendeat

150 1378 388 1416 accusativus
411 1378 611 1427 πράξαντά
628 1391 684 1425 με.
735 1375 853 1420 Quam
881 1374 1028 1423 quidem
1056 1374 1228 1412 lacunam
1257 1375 1353 1413 alius
1380 1376 1451 1413 alio
1478 1377 1589 1414 modo
1614 1376 1791 1425 supplere
1818 1381 1976 1415 conatus
2002 1383 2071 1415 est.
2124 1376 2265 1414 Proba-

152 1435 236 1473 bilis
260 1436 409 1473 videtur
435 1435 651 1482 conjectura
677 1434 856 1482 Emperii,
881 1434 920 1470 in
940 1433 1175 1471 orationibus
1200 1434 1334 1482 Lysiae
1354 1435 1577 1482 conjectoris
1609 1435 1831 1481 felicissimi,
1857 1443 2025 1485 προσῆγε
2070 1431 2273 1483 Ἡγέμαχος

148 1495 347 1542 κάμνοντα
369 1496 441 1532 τὸν
468 1495 601 1538 ἵππον,
627 1494 727 1542 quod
753 1497 790 1528 et
816 1491 1022 1538 subjeetum
1052 1491 1292 1528 desideratur
1316 1498 1352 1529 et
1378 1506 1422 1529 ex
1448 1494 1768 1542 palaeographica
1795 1494 1941 1530 ratione
1965 1494 2184 1541 conjectura
2210 1499 2270 1530 est

150 1552 341 1592 facillima.
393 1553 621 1603 Saepissime
657 1553 755 1590 enim
783 1552 921 1589 factum
950 1555 1031 1593 est,
1069 1556 1110 1588 ut
1136 1550 1282 1589 scribae
1309 1551 1408 1590 docti
1435 1558 1471 1590 et
1497 1553 1639 1592 indocti
1664 1552 1822 1601 pariter,
1858 1564 1954 1601 quae
1980 1553 2037 1591 bis
2064 1552 2268 1591 scribenda

152 1616 290 1655 essent,
318 1613 431 1648 semel
458 1612 667 1649 scriberent
692 1615 730 1647 et
753 1621 775 1646 a
801 1610 949 1657 syllaba
975 1608 1022 1645 ad
1049 1610 1207 1645 eandam
1242 1610 1424 1658 syllabam
1452 1612 1507 1648 vel
1534 1611 1755 1649 vocabulum
1782 1610 1931 1658 delapsi
1958 1611 2269 1657 omitterent-¹⁵⁷).

151 1669 212 1707 Ad
239 1682 365 1707 veram
391 1669 588 1708 lectionem
618 1669 773 1718 propius
800 1667 1025 1714 accedimus,
1064 1667 1097 1705 si
1124 1679 1209 1706 cum
1237 1668 1468 1707 Buermanno
1496 1674 1532 1706 et
1559 1669 1767 1707 Fritzschio
1797 1669 1866 1707 hoc
1893 1669 2004 1706 modo
2044 1670 2159 1707 verba
2187 1681 2266 1707 mu·

150 1734 292 1767 tamus:
317 1734 477 1778 πρῶτον
500 1730 571 1778 μὲν
600 1727 753 1767 ἅπαντα
777 1730 823 1766 δι’
851 1725 960 1776 ὑμῶν
983 1728 1174 1775 πράξαντί
1197 1742 1263 1776 μοι
1280 1731 1368 1778 περὶ
1393 1737 1458 1779 τῆς
1475 1730 1620 1773 θέσεως
1645 1735 1715 1767 τοῦ
1733 1728 1857 1766 ἵππου
1874 1735 2043 1777 προσῆγε
2065 1725 2271 1777 Ἡγέμαχος

150 1789 347 1837 κάμνοντα
371 1789 444 1826 τὸν
469 1787 609 1833 ἵππον,
642 1789 707 1825 καὶ
732 1786 886 1836 ἀνάγειν
908 1800 953 1835 με
974 1786 1213 1835 βουλόμενον
1247 1788 1439 1837 Διόδωρος
1477 1785 1607 1826 οὑτοσὶ
1642 1785 1880 1837 ἀποτρέπειν
1915 1787 2108 1836 ἐπειρᾶτο.
2159 1787 2266 1831 Quod

152 1853 279 1883 orator
305 1846 595 1894 Hegemachum.
622 1847 839 1893 Diodorum,
868 1847 890 1891 ξ
919 1849 963 1883 13
991 1845 1250 1891 Cleitodicum,
1278 1849 1300 1892 ξ
1330 1850 1374 1883 14
1399 1845 1735 1895 Thrasymachum,
1770 1850 1792 1893 ἓ
1822 1850 1867 1883 15
1893 1847 2162 1893 Autocratem,
2189 1846 2264 1883 Eu-

151 1905 401 1952 ryptolemum
429 1909 581 1952 agentes
607 1905 711 1941 nulla
737 1909 850 1941 antea
877 1904 1064 1940 mentione
1090 1905 1191 1941 facta
1216 1905 1371 1949 inducit,
1408 1903 1603 1942 offensioni
1639 1917 1722 1943 esse
1750 1916 1824 1942 non
1851 1909 1999 1953 potest,
2036 1916 2120 1942 cum
2147 1904 2270 1941 oratio

150 1974 224 1999 non
250 1963 301 2000 sit
326 1963 500 2009 forensis,
527 1964 593 2001 sed
622 1964 749 2001 habita
776 1964 854 2000 sive
881 1962 1010 2000 habita
1035 1963 1198 2009 fingatur
1232 1964 1269 2000 in
1295 1968 1401 2001 coetu
1433 1963 1639 2001 amicorum
1675 1964 1721 2001 de
1756 1964 1931 2012 personis
1966 1970 2004 2001 et
2040 1963 2151 2000 rebus
2178 1973 2266 2009 cog-

150 2021 309 2070 nitis⁵⁸)
337 2021 435 2058 inter
451 2022 575 2059 socios
604 2024 626 2069 ἓ
643 2025 687 2059 10
712 2023 801 2071 περὶ
825 2028 909 2071 τῆς
931 2021 1077 2065 θέσεως
1101 2026 1172 2058 τοῦ
1191 2020 1313 2058 ἵππου
1343 2043 1376 2046 -
1396 2023 1483 2070 περὶ
1498 2026 1595 2059 τῶν
1613 2022 1764 2060 δώδεκα
1780 2026 1899 2071 μνῶν.
1934 2021 2059 2059 Amici
2078 2020 2267 2071 quomodo

151 2092 267 2118 causa
305 2092 389 2118 cum
429 2081 578 2130 Polycle
618 2086 704 2119 acta
742 2080 916 2130 impliciti
944 2080 1037 2126 sint,
1073 2080 1110 2116 in
1139 2081 1307 2117 oratione
1342 2093 1415 2117 non
1449 2081 1598 2120 dicitur.
1651 2081 1708 2118 Ex
1745 2082 1868 2119 verbis
1903 2086 2031 2119 tamen
2069 2084 2091 2129 ξ
2120 2085 2177 2119 12.
2206 2075 2269 2118 ὅτι

149 2141 213 2177 καὶ
250 2147 333 2183 τοῖς
365 2139 470 2188 ἐμοῖς
508 2140 736 2190 ἐπιτηδείοις
773 2137 920 2179 αόικεῐν
952 2140 1110 2188 δοκοίην
1144 2138 1270 2176 videre
1308 2151 1506 2188 possumus
1533 2144 1687 2189 praeter
1713 2140 1920 2178 Diodorum
1947 2140 2073 2178 socios
2102 2139 2264 2188 Polyclis

150 2198 317 2236 consiliis
347 2199 487 2236 favere.
539 2199 752 2247 Sequuntur
788 2204 867 2236 tum
902 2199 1015 2236 verba
1048 2200 1218 2247 καίτοιγε
1248 2205 1357 2245 σφῶν
1392 2214 1432 2247 γε
1466 2199 1597 2237 αὐτῶν
1631 2201 1886 2250 κατηγόρουν.
1943 2200 1976 2237 εἰ
2009 2200 2080 2248 γὰρ
2116 2198 2139 2235 ἃ
2172 2198 2267 2246 μετὰ

148 2258 301 2296 τούτων
315 2254 556 2307 ἀδικουμένῳ
578 2272 645 2307 μοι
667 2260 785 2308 μηδὲν
800 2256 848 2308 ἦν
866 2259 1016 2297 δίκαιον
1035 2257 1169 2303 εἰπεῖν,
1196 2256 1217 2307 ἧ
1235 2272 1313 2296 που
1329 2262 1454 2302 καλῶς
1480 2260 1758 2308 συνέπραττον.
1807 2259 1908 2303 Quae
1934 2259 2007 2296 nisi
2034 2264 2179 2296 mutata
2205 2258 2262 2294 in-

148 2317 265 2364 telligi
293 2328 366 2353 uon
392 2322 564 2366 possunt.
614 2316 787 2354 Dobreus
814 2317 945 2355 scribit
981 2322 1091 2364 σφῶν
1115 2330 1156 2365 γε
1183 2328 1251 2365 pro
1277 2317 1333 2364 ἐφ
1367 2313 1421 2353 ὧν
1446 2330 1497 2365 γε,
1534 2328 1629 2366 quae
1666 2319 1823 2356 mutatio
1850 2330 1873 2355 a
1899 2317 2081 2365 Scheibio,
2110 2316 2261 2361 Cobeto,

148 2375 413 2413 Turicensibus
439 2377 599 2424 probata
625 2387 698 2412 non
725 2376 930 2422 rejicienda
956 2380 1014 2413 est
1040 2380 1195 2423 propter
1226 2376 1432 2423 particulae
1467 2390 1508 2423 γε
1535 2378 1811 2424 repetitionem,
1854 2388 1948 2425 quae
1974 2377 2033 2413 hic
2059 2375 2135 2412 illic
2161 2373 2264 2421 apud

150 2433 356 2484 scriptores
393 2434 529 2472 atticos
573 2433 814 2481 occurrit-'³9)
852 2436 875 2482 ξ
901 2435 924 2472 3
963 2438 1124 2482 πρῶτον
1157 2434 1226 2483 μὲν
1258 2439 1328 2472 οῦν
1352 2455 1401 2461 —-
1426 2434 1573 2473 εἰπάτω
1611 2431 1693 2474 οὖν.
1745 2434 2004 2473 Buermannus
2027 2434 2119 2471 haec
2152 2431 2266 2470 verba

150 2494 171 2543 ξ
211 2498 267 2531 11.
305 2496 474 2541 καίτοιγε
512 2498 621 2540 σφῶν
658 2507 700 2540 γε
734 2492 864 2530 αὐτῶν
896 2494 1147 2541 κατηγόρουν.
1212 2494 1245 2530 εἰ
1280 2493 1350 2541 γὰρ
1382 2492 1405 2530 ἃ
1434 2494 1529 2541 μετὰ
1570 2495 1723 2530 τούτων
1767 2492 2005 2541 ἀδικουμένῳ
2045 2505 2109 2539 μοι
2149 2491 2270 2539 μηδὲν

149 2551 196 2604 ἦν
221 2553 371 2591 δίκαιον
395 2552 527 2597 εἰπεῖν,
553 2549 575 2601 ἦ
600 2564 679 2589 που
704 2553 831 2596 καλῶς
856 2551 1123 2601 συνέπραττον
1155 2562 1223 2601 pro
1249 2550 1474 2598 glossemate
1511 2551 1665 2589 lectoris
1700 2551 1805 2590 docti
1840 2552 1969 2599 habet,
2006 2550 2069 2600 qui
2107 2549 2269 2599 putabat

325 2633 363 2672 ⁵⁷)
386 2633 526 2672 Sauppe,
548 2641 597 2672 ep.
619 2631 692 2662 crit.
715 2640 745 2670 p.
767 2631 817 2662 29.
861 2631 901 2670 ⁵⁸)
923 2632 1024 2671 Bake,
1047 2631 1165 2671 Schol.,
1179 2631 1336 2671 Hypomn.
1354 2630 1400 2661 11.
1426 2640 1455 2670 p,
1479 2632 1551 2662 233.
1595 2632 1632 2670 ⁵⁹)
1655 2631 1823 2671 Foertsch,
1836 2630 2062 2662 commentatio
2085 2630 2158 2661 crit.
2181 2639 2212 2669 p.
2236 2630 2266 2663 8.

2036 2692 2054 2721 2
2073 2693 2089 2711 t
