2461 3078
1093 105 1338 139 „20-

143 211 264 257 Quam
307 209 551 261 periphrasin
599 209 694 247 dicit
731 208 977 259 Bernhardy:
1005 209 1140 255 „aecht
1185 209 1336 254 attisch,
1381 209 1504 256 haufig
1539 210 1578 246 in
1618 209 1823 255 gewahlter
1860 210 2002 250 Rede“.
2071 209 2145 248 Sed
2184 209 2276 248 haec

145 271 262 310 verba
302 269 476 321 quamvis
511 279 598 307 vere
635 268 740 307 dicta
773 268 824 307 ad
858 272 1026 324 nostrum
1065 268 1187 306 locum
1221 279 1294 305 non
1338 268 1528 318 pertinere
1565 278 1674 305 nemo
1710 280 1785 306 non
1821 269 2009 318 intelligit.
2073 268 2152 308 Hoc
2193 268 2275 306 loco

144 342 220 368 non
260 334 338 375 est,
376 329 477 378 quod
513 333 643 365 orator
677 329 1030 376 circumscriptione
1065 333 1208 365 utatur.
1242 350 1291 355 --
1328 328 1381 376 μὰ
1415 328 1507 371 τοὺς
1540 328 1659 372 θεοὺς
1694 333 1754 365 est
1790 327 1989 366 offensioni
2022 334 2122 368 recte
2154 328 2274 366 Froh-

145 388 326 436 bergero.
371 399 456 426 cum
496 387 630 436 Lysias
676 385 972 424 exclamationes
1011 387 1188 424 vitaverit
1227 392 1264 423 et
1304 393 1432 423 utatur
1471 386 1583 424 modo
1629 386 1729 433 πρὸς
1771 389 1880 424 θεῶν
1917 385 2134 437 Ὀλυμπίων
2171 385 2274 433 XIX,

145 452 205 487 34.
232 451 291 487 54.
314 446 416 485 XIII.
443 449 513 491 953
540 446 594 494 μὰ
617 446 689 484 τὸν
714 447 785 483 Δία
823 446 1012 484 invenitur
1038 447 1077 483 in
1111 445 1281 483 oratione
1308 444 1371 484 VI.
1404 449 1436 484 Υ.
1465 449 1524 483 32.
1551 448 1609 488 38,
1635 456 1731 494 quae
1757 456 1781 481 a
1808 444 1922 493 Lysia
1946 445 2199 493 abjudicatur.
2225 467 2275 473 -

143 507 368 557 σωθήσομαι
395 504 475 543 sive
501 505 731 553 ποθέσομαι,
759 514 853 553 quas
882 504 1021 541 formas
1043 504 1195 542 codices
1220 504 1414 553 praebent,
1440 503 1566 541 aliena
1590 508 1679 540 sunt
1705 502 1752 539 ab
1778 502 1990 541 Atticorum
2018 517 2099 544 usu.
2125 525 2173 534 —
2200 505 2273 543 τὸν

142 565 310 617 ἐροῦντα
323 565 394 602 hoc
420 564 502 602 Ioco
518 564 661 602 dictum
680 570 738 601 est
756 576 826 613 pro
847 564 961 601 verbo
999 564 1160 601 clariore
1187 570 1433 610 συνεροῢυτα,
1485 563 1571 612 Lys.
1598 561 1681 600 XII.
1715 564 1775 600 86.
1801 567 1883 599 τῶν
1916 566 2196 613 συνερούντωυ.
2215 586 2275 615 ,-

146 623 342 674 Superest,
369 627 412 661 ut
437 622 483 660 de
505 623 689 661 orationis
709 623 858 661 ratione
885 626 923 660 et
948 627 1133 672 tempore,
1159 632 1233 671 quo
1260 622 1311 660 sit
1329 622 1449 659 oratio
1471 621 1611 668 habita,
1639 632 1761 670 pauca
1778 620 1893 658 verba
1911 621 2099 669 adjiciam.
2137 623 2268 661 Oratio

142 694 217 720 nou
243 688 303 721 est
328 682 427 728 ficta,
452 683 591 732 μελέτη
630 682 807 727 rhetoris,
844 683 907 731 qui
935 683 980 718 de
1005 682 1105 720 falsa
1131 682 1300 719 amicitia
1325 682 1363 718 in
1392 682 1605 718 universum
1637 681 1848 727 scrihebat,
1886 692 1997 730 quam
2035 682 2084 719 ad
2110 683 2271 719 formam

144 741 283 779 ducere
297 741 478 779 videntur
494 741 647 779 nomina
669 741 912 783 Autocrates‚
935 738 1249 790 Thrasymachus,
1267 740 1569 789 Euryptolemos,
1592 739 1836 786 Cleitodicus‚
1872 738 2121 789 Menophilus,
2149 740 2270 790 Hege-

146 799 304 838 machus
330 802 355 847 g
384 803 431 838 10
458 806 611 849 praeter
631 799 841 838 Diodorum
859 804 897 837 et
922 799 1121 849 Polyclem,
1147 811 1242 849 quae
1264 800 1462 836 nominum·
1481 799 1705 847 compositio
1734 805 1845 836 sonat
1871 798 2019 843 bellum,
2045 798 2113 836 sed
2141 800 2272 837 habita

141 860 181 897 in
209 863 318 897 coetu
347 859 567 897 amicorum.
620 858 752 896 Oratio
773 859 914 904 ingenii
936 858 1135 896 exercendi
1163 871 1279 896 causa
1295 859 1509 906 composita
1525 857 1661 903 lucida,
1688 858 1862 906 simplex,
1887 858 2087 895 sententiis
2114 863 2151 895 et
2176 858 2272 896 locis

143 917 407 957 communibus
434 918 553 956 densa
578 922 657 964 est,
696 929 792 967 quae
828 918 956 955 omnia
988 929 1010 955 a
1038 923 1169 955 nostra
1201 917 1374 955 oratione
1412 917 1628 955 abhorrent.
1680 916 1803 954 Causa
1835 916 1883 954 ad
1910 916 2058 964 judices
2094 915 2141 952 de
2175 927 2271 965 equo

142 978 297 1026 ejusque
323 977 588 1026 pigneratione
627 982 725 1022 acta,
754 977 1049 1021 criminationes,
1088 977 1207 1014 multa
1232 977 1308 1013 alia
1334 983 1422 1014 sunt
1453 982 1530 1014 tam
1563 977 1747 1020 obscura,
1785 982 1827 1014 ut
1862 977 1981 1014 magis
2015 988 2061 1013 ex
2096 976 2272 1013 oratione

141 1035 429 1082 concludamus,
455 1047 564 1084 quam
592 1035 794 1085 perspicue
820 1035 1086 1082 intelligamus,
1124 1035 1311 1084 quomodo
1349 1047 1408 1073 res
1435 1047 1525 1073 sese·
1544 1035 1729 1073 habuerit.
1781 1035 1884 1079 Quae
1917 1035 2083 1072 brevitas
2121 1046 2201 1072 cum
2234 1036 2271 1072 in

141 1093 316 1133 oratione
343 1106 462 1144 neque
487 1095 628 1132 forensi
656 1106 776 1143 neque
802 1088 892 1132 ficta
916 1095 1236 1143 deprehendatur,
1273 1095 1384 1132 modo
1411 1095 1584 1132 excusari
1618 1100 1746 1143 potest
1782 1095 1820 1131 in
1849 1095 2022 1132 oratione
2055 1095 2183 1132 habita
2223 1094 2271 1131 ad

143 1154 299 1199 amicos,
325 1154 365 1190 in
390 1165 547 1202 quorum
575 1154 794 1190 memoriam
823 1165 883 1190 res
910 1158 1040 1200 gestae
1067 1160 1103 1190 et
1130 1155 1283 1191 nomina
1311 1161 1549 1192 revocantur.

320 1211 496 1260 Tempus,
523 1224 595 1260 quo
625 1212 796 1258 singulae
824 1213 1014 1249 orationes
1044 1212 1193 1249 habitae
1221 1214 1308 1259 sint,
1346 1226 1393 1250 ex
1418 1213 1653 1250 orationibus
1690 1211 1788 1259 ipsis
1825 1211 1932 1248 nobis
1970 1211 2171 1248 videndum
2200 1217 2270 1256 est,

146 1282 232 1310 cum
266 1269 504 1319 grammatici
532 1274 680 1309 veteres
714 1271 808 1309 hanc
836 1283 915 1308 rem
943 1282 1017 1308 non
1046 1272 1308 1311 tractaverint.
1359 1271 1442 1316 Qua
1469 1271 1508 1308 in
1535 1270 1842 1320 perscrutatione
1868 1276 1948 1307 tres
1974 1270 2155 1319 temporis
2182 1280 2270 1307 con-

142 1330 327 1368 stituendi
347 1329 514 1367 rationes
533 1329 718 1368 videmus.
769 1332 825 1368 Ac
844 1331 1006 1379 primum
1029 1331 1179 1379 quidem
1199 1331 1443 1367 inveniuntur
1462 1331 1666 1375 orationes,
1683 1328 1747 1375 (X.
1766 1329 1850 1367 XII.
1869 1329 1988 1367 XVII.
2007 1328 2109 1367 XIX.
2131 1328 2271 1366 XXVI.
2295 1369 2297 1371 ,

140 1387 319 1428 XXVIII.
344 1387 467 1427 XXX.
493 1386 651 1428 XXXII.
678 1388 870 1428 XXXIV*
911 1389 1051 1438 quibus
1078 1394 1291 1438 temporum
1313 1390 1458 1437 judicia
1483 1389 1696 1427 certissima
1730 1388 1951 1431 traduntur;
1986 1388 2171 1426 accedunt
2205 1399 2270 1425 eae

141 1448 335 1486 orationes
379 1447 456 1494 (III.
506 1446 610 1485 XIII.
648 1447 752 1487 XVI.
794 1446 880 1488 XX.
922 1448 1061 1487 XXIV.
1104 1448 1259 1488 XXVII.
1302 1449 1443 1488 XXIX.
1482 1448 1659 1495 XXXI),
1703 1449 1838 1497 quibus
1871 1448 2084 1485 summatim
2122 1451 2270 1495 tempus

142 1507 342 1553 definitur,
367 1507 527 1554 denique
554 1511 702 1555 tempus
730 1513 787 1545 est
813 1509 1112 1546 incertissimum
1139 1511 1186 1554 (I.
1217 1508 1282 1547 IV.
1311 1509 1354 1548 V.
1385 1509 1446 1547 IX.
1472 1508 1593 1547 XXII.
1621 1508 1777 1550 XXIII.)
1804 1509 1892 1556 quia
1912 1508 2040 1544 viriet
2060 1519 2120 1544 res
2140 1513 2269 1552 gestae

141 1565 192 1604 ad
216 1566 416 1604 historiam
440 1566 674 1614 pertinentes
703 1566 850 1606 desunt.
904 1566 983 1604 Hoc
1011 1567 1120 1604 modo
1149 1579 1208 1605 res
1246 1568 1361 1605 etiam
1387 1579 1469 1605 sese
1497 1567 1609 1604 habet
1643 1567 1682 1604 in
1718 1567 1889 1604 oratione
1916 1565 2023 1605 VIII.
2061 1566 2121 1602 ubi
2158 1578 2267 1612 argu-

141 1631 281 1670 menta,
311 1637 408 1674 quae
435 1625 619 1662 historica
644 1632 841 1673 vocantur,
878 1640 953 1664 non
990 1628 1253 1675 inveniuntur,
1292 1628 1358 1664 sed
1396 1627 1544 1672 omnia,
1580 1638 1675 1675 quae
1710 1631 1893 1673 aguntur,
1930 1627 1984 1663 ita
2016 1626 2195 1663 dicuntur
2230 1630 2271 1663 ut

143 1684 317 1722 omnibus
342 1683 577 1733 temporibus
603 1684 677 1721 dici
694 1686 855 1733 possint,
882 1685 997 1723 veluti
1026 1688 1048 1732 ξ
1077 1686 1111 1723 9.
1130 1687 1329 1734 §opedam
1348 1685 1419 1734 γὰρ
1435 1687 1500 1722 καὶ
1518 1691 1641 1723 ταῦτα
1665 1694 1748 1730 τοῖς
1767 1687 1845 1734 πρὸ
1865 1691 1937 1723 τοῦ
1957 1687 2021 1722 καὶ
2037 1685 2120 1733 ἐμοὶ
2138 1692 2271 1733 σημεῖα

141 1748 263 1779 ταῦτα
280 1743 352 1790 μὲν
368 1743 531 1780 ἐκείνων
547 1742 663 1787 ἐστίν,
690 1744 819 1781 ἐκεῖνα
844 1746 885 1782 δὲ
901 1746 1056 1782 τούτων
1073 1745 1198 1782 ἱκανά.
1251 1745 1311 1781 Ad
1335 1745 1411 1780 alia
1428 1745 1544 1791 igitur
1561 1751 1784 1790 argumenta
1804 1745 1913 1792 nobis
1934 1750 1991 1781 est
2012 1743 2267 1789 refugiendum

142 1804 197 1848 ut,
224 1810 298 1850 quo
317 1804 489 1850 tempore
512 1800 563 1838 sit
579 1802 703 1838 oratio
729 1802 871 1849 habita,
891 1803 1182 1844 constituamus,
1201 1803 1267 1839 sed
1286 1808 1362 1839 tam
1383 1803 1541 1851 incerta,
1563 1808 1604 1840 ut
1622 1808 1772 1851 tempus
1794 1808 1945 1839 maneat
1963 1802 2267 1839 incertissimum.

144 1859 275 1897 Utrum
302 1860 607 1909 Thrasymachus
634 1861 912 1900 Chalcedonius
938 1862 1002 1898 ille
1029 1863 1204 1911 sophista
1231 1863 1357 1908 fuerit,
1384 1863 1447 1910 qui
1468 1862 1523 1900 Ol.
1551 1866 1609 1901 94.
1634 1866 1670 1900 4.
1720 1862 1878 1899 Athenis
1907 1862 2032 1910 periit,
2061 1873 2107 1898 au
2135 1861 2193 1897 vir
2220 1861 2268 1898 ab

142 1929 186 1956 eo
213 1918 387 1958 diversus
413 1931 460 1956 ex
484 1920 657 1957 oratioue
685 1931 758 1956 nou
787 1920 918 1958 elucet.
973 1919 1014 1956 Id
1054 1920 1153 1969 quod
1179 1921 1372 1958 Boekhius
1398 1932 1475 1959 oec.
1502 1921 1573 1959 civ.
1602 1921 1627 1958 I.
1656 1924 1712 1959 14.
1742 1932 1776 1969 p.
1806 1924 1887 1962 103.
1925 1920 1986 1957 ubi
2014 1920 2060 1956 de
2087 1931 2265 1968 equorum

141 1978 266 2027 pretio
293 1977 479 2027 disputat,
507 1979 611 2024 dicit,
639 1978 837 2016 duodecim
866 1979 978 2017 minis
1006 1979 1143 2028 Lysiae
1170 1980 1402 2028 temporibus
1431 1991 1566 2028 equum
1592 1978 1641 2016 ad
1669 1980 1803 2017 bellum
1831 1985 2006 2029 paratum
2034 1979 2105 2016 emi
2133 1979 2266 2024 solere,

141 2036 327 2074 refellitur
353 2037 573 2085 conjectura
599 2037 770 2086 Emperii
792 2034 993 2087 Ἡγέμαχος
1020 2040 1194 2087 probata.
1247 2039 1374 2087 Neque
1401 2041 1563 2087 pretium
1591 2039 1720 2076 datum
1748 2039 1985 2076 demonstrat
2010 2038 2144 2086 Lysiae
2171 2043 2265 2075 tem-

140 2095 298 2144 poribus
317 2097 528 2134 erationem
555 2109 643 2134 esse
668 2097 849 2143 habitam,
878 2110 995 2146 neque
1012 2099 1166 2135 verbum
1183 2102 1423 2147 συνθεωρεῖν
1447 2099 1600 2135 deorum
1622 2098 1744 2136 adhuc
1760 2098 1900 2136 cultum
1922 2097 2094 2135 floruisse
2111 2097 2267 2135 indicat.

140 2153 272 2202 Itaque
298 2154 505 2192 serioribus
533 2156 771 2204 temporibus
800 2157 1009 2193 orationem
1037 2168 1118 2193 esse
1141 2157 1324 2205 scriptam
1351 2162 1462 2206 putat
1489 2157 1671 2198 Blassius,
1698 2157 1797 2204 quod
1816 2157 2043 2193 Aristoteles
2071 2157 2265 2193 orationes

140 2212 181 2249 in
206 2212 375 2260 collegiis
402 2214 701 2263 corporibusque
727 2227 812 2252 esse
839 2214 989 2253 habitas
1016 2217 1218 2253 memoriae
1254 2228 1328 2253 non
1364 2215 1589 2261 tradiderit,
1625 2215 1692 2252 sed
1728 2216 1839 2264 primi
1866 2215 2070 2263 Dionysius
2098 2214 2268 2252 Halicar-

142 2270 340 2308 nassensis
367 2275 407 2308 et
430 2272 701 2311 Anaximenes.
755 2273 829 2311 Sed
856 2285 940 2311 cum
963 2274 1040 2321 jam
1072 2279 1159 2312 ante
1186 2276 1253 2312 hos
1280 2275 1484 2313 societates
1511 2274 1662 2317 fuerint,
1689 2286 1736 2311 ex
1754 2274 1973 2312 Aristotelis
2000 2273 2150 2312 silentio
2178 2283 2267 2310 con-

141 2328 296 2367 cludere
323 2338 398 2366 n·on
424 2332 695 2381 possumus'in
723 2332 894 2379 collegiis
921 2333 1112 2370 orationes
1139 2346 1222 2370 esse
1249 2335 1399 2370 habitas
1431 2339 1521 2381 post
1547 2333 1626 2379 ejus
1652 2340 1845 2381 tempora,
1871 2334 2025 2381 scriptis
2051 2331 2270 2378 Aristotelis

142 2387 317 2425 omnibus
345 2388 454 2426 nobis
480 2401 555 2427 non
583 2389 739 2428 traditis
769 2395 807 2428 et
834 2391 1068 2429 orationibus
1095 2393 1132 2429 in
1158 2393 1327 2440 collegiis
1355 2391 1495 2430 habitis
1522 2391 1716 2428 rarissime
1743 2393 1781 2430 in
1807 2392 1926 2430 lucem
1953 2391 2077 2429 editis.
2129 2389 2266 2428 lisdem
2326 2385 2329 2388 ’

140 2445 220 2483 fere
246 2448 482 2496 temporibus
508 2449 718 2486 orationem
747 2451 931 2499 scriptam
959 2462 1040 2488 esse
1066 2453 1229 2499 probare
1257 2456 1416 2489 conatur
1434 2451 1694 2487 Buermannus
1720 2452 1882 2488 maxime
1901 2441 1948 2488 ex
1975 2450 2158 2487 orationis
2186 2461 2265 2486 ser-

140 2516 251 2542 mone
278 2505 441 2544 dicendi.
487 2506 619 2544 Oratio
646 2509 792 2557 prodiit
818 2520 866 2545 ex
904 2510 1037 2546 umbra
1062 2516 1099 2547 et
1126 2512 1272 2559 scripta
1309 2516 1367 2548 est
1397 2523 1420 2547 a
1455 2509 1637 2558 sophista.
1690 2510 1868 2547 Fortasse
1903 2509 2024 2546 oratio
2057 2508 2269 2557 composita

141 2566 250 2601 esta
285 2563 452 2611 rhetore,
489 2565 552 2613 qui
580 2566 785 2603 Isocratem
821 2567 1071 2615 sequebatur,
1104 2570 1201 2616 quod
1240 2569 1427 2614 ostendit,
1462 2575 1504 2604 ut
1540 2580 1653 2604 unum
1688 2567 1863 2612 afferam,
1904 2568 2006 2604 verbi
2042 2572 2270 2615 φιλοσοφεῖν

141 2622 258 2660 notio.
287 2621 490 2667 ,Quamvis
511 2624 582 2661 hoc
600 2624 745 2663 incerto
771 2631 993 2673 argumento
1012 2631 1162 2675 tempus
1203 2627 1385 2664 orationis
1423 2627 1668 2664 coustitutum
1707 2626 1841 2672 nolim,
1874 2631 1999 2663 tamen
2035 2626 2080 2663 de
2112 2625 2269 2664 incertis
