2461 3078
1125 86 1370 120 -13—

185 188 300 228 sociis
330 200 354 227 a
377 187 659 237 Thrasymacho
684 187 884 226 calumniis
909 201 991 241 esse
1009 188 1195 234 affectum,
1222 201 1334 238 quam
1361 187 1599 235 Gleinigerus
1616 187 1687 227 hoc
1705 188 1816 226 modo
1835 189 2032 237 exprimit:
2056 189 2123 226 καὶ
2142 193 2301 236 πρῶτον

179 249 252 297 μὲν
277 247 475 296 Διόδωρος
499 245 628 295 ἔλεγεν
652 244 731 284 ὑπὸ
761 248 1012 295 Θρασυμάχου
1037 251 1347 296 κακολογεῑσθαι.
1398 246 1536 284 Orator
1560 247 1674 285 sociis
1704 247 1977 285 affirmantibus
2011 259 2052 285 se
2087 257 2110 283 a
2134 246 2299 296 Thrasy-

182 305 316 346 macho
342 304 443 344 laedi
468 309 506 343 et
531 305 666 343 violari
688 317 735 343 ex
755 303 1032 355 Thrasymacho
1060 319 1134 344 non
1161 320 1340 357 quaerere
1367 306 1500 355 potuit,
1522 318 1611 343 num
1630 318 1700 344 sua
1720 318 1841 344 causa
1859 306 2102 345 malediceret
2120 306 2300 344 Diodoro.

182 366 366 405 Examina
390 376 478 403 vero
504 364 679 402 instituto
705 368 743 401 et
768 363 864 402 hanc
890 365 1115 403 calumniam
1144 366 1276 404 talsam
1303 378 1387 403 esse
1405 365 1586 414 apparuit
1609 369 1648 402 et
1673 365 1831 402 alteram
1863 366 2175 412 criminationem,
2202 377 2299 415 quae

148 463 150 465 .
182 426 363 474 incipitur
386 436 409 462 a
433 423 548 461 verbo
575 425 599 470 ἓ
627 427 684 462 15.
709 423 805 472 μετὰ
841 431 972 463 τοῦτο.
1026 425 1106 462 Non
1146 425 1284 462 dicitur
1323 424 1391 462 hoc
1423 425 1504 463 loco
1538 429 1580 461 ut
1614 424 1743 472 priore
1782 425 2005 462 calumniam
2040 437 2124 463 esse
2159 426 2299 463 factam

184 480 234 522 δι’
260 483 335 532 ἐμὲ,
361 482 525 520 oratoris
552 493 679 530 causa,
713 482 779 520 sed
811 483 923 520 modo
949 483 1044 532 ἐμοῦ
1067 483 1275 532 παρόντος,
1301 487 1450 535 oratore
1476 486 1697 531 praesente,
1724 481 1824 531 quod
1852 482 1944 520 nihil
1971 483 2083 521 habet
2107 482 2300 533 ponderis.

180 542 413 581 Concludere
438 547 562 579 tamen
577 553 777 589 possumus
793 554 841 579 ex
854 543 1164 581 antecedentibus
1180 549 1217 579 et
1246 543 1487 589 subsequenti
1513 542 1660 589 ἐβάδιζε
1682 543 1763 589 μετ’
1790 541 1884 589 ἐμοῦ
1908 543 1945 579 111
1972 543 2042 581 1130
2060 554 2206 591 quoque
2226 544 2298 580 cri-

180 601 388 639 minatione
414 605 601 638 oratorem
628 612 781 638 causam
808 612 903 644 esse,
930 612 997 638 cur
1025 600 1314 651 Euryptolemus
1340 612 1362 637 a
1393 600 1670 650 Thrasymacho
1696 599 1845 647 injuriis
1872 601 2040 641 violetur.
2093 601 2299 649 Gleinigeri

182 660 447 708 conjecturam,
479 660 542 708 qui
577 665 664 708 post
700 659 857 697 ἀκούειν
888 657 952 697 ὑπ’
981 659 1102 698 αὐτοῦ
1127 660 1261 697 inserit
1288 660 1488 704 αἰτοῦντος
1521 659 1601 697 sive
1635 660 1820 708 δεομένου
1851 661 1946 710 ἐμοῦ
1978 673 2297 710 supervacaneam

183 723 293 769 putat
317 718 592 757 Buermannus.

359 777 472 815 Hisce
497 778 643 815 duobus
674 777 886 815 maledictis
922 781 1052 814 orator
1087 778 1347 827 demonstrare
1382 784 1541 814 conatur
1577 778 1702 814 socios
1733 777 1810 824 jam
1846 777 1912 814 diu
1944 779 2097 817 fraudes
2134 781 2298 817 oratoris

186 837 389 876 accusandi
414 849 497 875 esse
521 836 769 875 machinatos.
821 834 899 874 Sed.
922 848 1004 873 cum
1032 841 1142 874 antea
1167 837 1291 874 causis
1318 837 1363 874 iis
1389 848 1483 885 opus
1509 849 1592 875 esse
1618 836 1804 879 videatur,
1831 849 1928 875 nunc
1948 845 2134 876 oratorem
2164 847 2297 889 aperte

184 894 387 934 lacessunt.
439 895 639 933 Oratorem
661 894 739 942 jam
768 894 907 931 dudum
945 896 1159 944 perspicere
1186 895 1353 944 oportuit
1375 895 1540 933 futurum
1567 907 1663 942 esse,
1701 900 1742 932 ut
1773 906 1796 932 a
1829 897 1943 934 sociis
1980 898 2180 938 calumniis
2216 900 2297 937 affi-

185 959 345 999 ceretur,
370 966 452 991 cum
481 954 668 991 sociorum
696 953 793 989 alter
827 953 938 990 alteri
976 959 1126 991 oratore
1159 963 1357 1001 praesente
1388 955 1636 993 malediceret.
1689 955 1902 1002 Sequuntur
1937 962 2015 992 tum
2051 960 2167 996 verba
2202 964 2224 1007 g
2254 964 2299 996 17

181 1010 314 1052 ἔπειτα
337 1013 402 1051 καὶ
427 1012 517 1062 περὶ
542 1012 798 1059 Πολυκλέους,
824 1005 857 1062 ᾧ
881 1014 969 1051 νυνὶ
995 1015 1187 1065 βοηθεῖτε,
1213 1014 1325 1052 πάντ
1351 1012 1482 1063 είρηκα
1500 1013 1599 1063 πρὸς
1618 1011 1726 1063 ὑμᾶς,
1751 1025 1845 1063 quae
1866 1026 2001 1053 nexum
2023 1017 2297 1055 sententiarum

185 1073 385 1109 manifesto
410 1073 703 1119 interrumpunt.
755 1072 868 1109 Recte
892 1073 1007 1118 igitur
1033 1084 1076 1109 03
1102 1084 1185 1108 esse
1212 1073 1370 1108 delenda
1389 1073 1648 1109 Buermannus
1667 1079 1796 1109 censet
1816 1078 1863 1118 01,
1885 1076 2068 1121 quomodo
2096 1077 2132 1112 in
2150 1083 2293 1113 textum

186 1136 339 1181 recepta
353 1130 441 1174 sint,
468 1130 618 1184 optime
633 1129 814 1170 declarat
865 1130 1001 1170 Lector
1020 1130 1164 1178 doctus,
1191 1130 1252 1180 qui
1272 1132 1512 1180 recapitulari
1539 1131 1662 1170 verbis
1684 1133 1706 1178 ξ
1731 1135 1775 1171 16
1797 1132 1954 1181 putabat
1982 1135 2004 1181 ξ
2033 1138 2162 1175 1415
2180 1149 2299 1187 neque

184 1201 239 1260 eza'
267 1201 363 1238 quae
387 1193 409 1237 ξ
439 1194 649 1228 10.11.12
676 1183 1220 1262 00011000101,1011011130530
1238 1191 1398 1235 videbat,
1426 1191 1516 1228 11300
1542 1192 1658 1228 verba
1684 1190 1817 1228 ἔπειτα
1843 1194 1908 1229 καὶ
1933 1196 2021 1242 περὶ
2042 1197 2297 1243 Πολυκλέους,

181 1242 214 1298 ᾧ
240 1251 325 1288 νυνὶ
350 1252 541 1299 βοηθεῖτε,
566 1251 679 1288 πάντ’
706 1250 837 1299 εἴρηκα
862 1250 961 1297 πρὸς
986 1248 1093 1298 ὑμᾶς,
1117 1250 1155 1287 111
1182 1249 1324 1288 codicis
1352 1251 1554 1296 marginem
1586 1251 1753 1299 scripsit,
1790 1252 1886 1289 unde
1924 1254 1962 1290 in
1989 1260 2132 1292 textum
2160 1258 2296 1305 ipsum,

188 1309 254 1347 sed
280 1310 318 1346 111
342 1309 465 1347 10011111
492 1309 626 1346 falsum
654 1310 901 1347 intraverunt.

357 1369 499 1412 Quibus
537 1369 660 1405 verbis
687 1369 818 1405 deletis
845 1376 974 1405 orator
1001 1370 1124 1416 pergit
1150 1381 1301 1404 causam
1331 1369 1473 1413 afferre,
1511 1382 1577 1406 cur
1606 1370 1813 1406 amicorum
1842 1372 2048 1410 calumnias
2090 1386 2161 1410 non
2199 1378 2294 1412 vita—

182 1427 279 1464 verit
307 1449 349 1453 —
379 1433 466 1465 ante
492 1428 762 1477 ἐφυλαττόμην
787 1432 846 1464 est
870 1427 1110 1464 inserendum
1136 1426 1219 1472 οὐκ,
1246 1428 1341 1475 quod
1369 1428 1452 1464 libri
1480 1429 1697 1466 omiserunt.
1725 1450 1771 1455 —
1797 1429 1888 1466 Cum
1924 1442 2051 1468 omnes
2088 1433 2167 1471 fere
2204 1437 2296 1473 socii

186 1486 280 1535 ipsis
307 1487 408 1535 apud
435 1493 622 1524 oratorem
649 1486 929 1532 maledicerent,
956 1493 1084 1523 orator
1111 1498 1192 1523 sese
1219 1498 1300 1522 esse
1328 1486 1480 1523 liberum
1511 1487 1669 1534 putabat
1696 1488 2034 1528 criminationibus

359 1545 397 1582 In
425 1546 665 1583 conclusione
690 1546 901 1582 orationum
933 1546 1066 1594 Lysias
1103 1558 1181 1582 rem
1208 1558 1390 1583 summam
1419 1547 1580 1583 breviter
1606 1547 1880 1593 complectitur.
1933 1549 2075 1586 Contra
2097 1552 2135 1587 111
2164 1559 2297 1589 nostra

185 1604 357 1640 oratione
383 1604 544 1652 epilogo,
570 1605 632 1652 qui
661 1605 805 1651 magnis
832 1605 934 1641 vitiis
961 1605 1193 1640 deformatus
1229 1615 1299 1640 non
1328 1611 1394 1649 est,
1425 1605 1535 1641 sociis
1562 1609 1690 1641 orator
1715 1606 1921 1642 amicitiam
1959 1610 2152 1646 renuntiat
2179 1616 2215 1647 et
2250 1623 2296 1648 ex

186 1664 367 1701 societate
394 1676 463 1701 sua
489 1657 623 1712 sponte
649 1664 824 1709 discedit,
864 1677 910 1701 ex
946 1676 1020 1711 qua
1055 1664 1194 1700 nullum
1231 1664 1390 1701 fructum
1426 1666 1543 1712 capit3
1580 1664 1801 1701 discedendi
1836 1666 1998 1703 fructum
2036 1676 2139 1705 certe
2171 1659 2297 1718 capiet

185 1727 313 1760 orator
340 1722 449 1770 hunc,
477 1727 517 1760 ut
544 1723 751 1769 sociorum,
792 1723 852 1772 qui
881 1733 1030 1772 semper
1053 1734 1165 1760 uuum
1193 1735 1238 1759 ex
1264 1722 1508 1760 familiaribus
1535 1722 1816 1770 aggrediuntur,
1850 1725 2046 1764 calumniis
2083 1728 2192 1766 nullis
2218 1729 2293 1767 lae-

183 1781 307 1820 datur.
360 1782 398 1819 Si
427 1788 556 1819 orator
580 1795 598 1819 e
626 1784 805 1820 societate
834 1776 1062 1826 discesseiit,
1096 1784 1192 1819 alius
1219 1789 1255 1818 et
1284 1795 1412 1819 rursus
1439 1783 1533 1818 alius
1561 1784 1759 1820 calumniis
1787 1784 1990 1826 afficietur,
2027 1793 2065 1823 et
2097 1791 2297 1836 superstiti

183 1853 256 1878 non
283 1841 356 1878 nisi
384 1841 585 1881 maledicta
610 1843 648 1879 111
677 1854 716 1880 se
744 1842 867 1891 ipsum
902 1842 1106 1889 rejicienda
1133 1843 1346 1881 manebunt.
1400 1842 1517 1880 Sociis
1553 1854 1632 1880 mos
1670 1847 1752 1880 erat
1786 1844 1854 1889 iis,
1892 1845 2025 1893 quibus
2057 1847 2297 1887 familiariter

185 1900 400 1943 utebantur,
428 1912 501 1936 non
529 1902 588 1945 iis,
615 1903 835 1950 quibuscum
863 1901 1170 1937 consuetudinem
1201 1913 1273 1937 11011
1301 1902 1492 1943 habebant,
1520 1900 1779 1938 maledicendi.

357 1958 438 1998 Hoc
463 1960 541 1998 fere
569 1966 627 1999 est
655 1966 913 2009 argumentum
953 1960 1138 1999 orationis
1165 1967 1329 2000 octavae.
1381 1961 1438 1999 Ad
1465 1966 1539 1998 tam
1569 1960 1665 1999 exile
1691 1966 1954 2009 argumentum
1985 1967 2294 2011 pertractandum

182 2017 334 2065 Lysiam
362 2023 427 2054 aut
454 2019 589 2055 bonum
618 2024 805 2056 oratorem
834 2020 959 2056 stilum
990 2020 1154 2056 venalem
1184 2020 1357 2056 babuisse
1386 2020 1445 2055 vix
1472 2020 1574 2055 credi
1600 2024 1810 2067 potest.⁶⁴)

358 2078 415 2116 Ac
435 2077 563 2116 multis
579 2078 684 2126 locis,
698 2090 791 2128 quos
809 2078 917 2117 affert
932 2078 1166 2126 Gleinigerus
1182 2084 1250 2124 ⁶⁵),
1278 2085 1316 2117 111
1334 2079 1506 2117 ostendat
1525 2079 1731 2118 orationem
1751 2092 1774 2118 a
1795 2080 1905 2129 Lysia
1923 2093 2006 2118 esse
2033 2084 2293 2131 compositam,

183 2146 267 2171 cum
294 2136 413 2172 multa
431 2137 549 2172 insint
569 2139 705 2173 ceteris
725 2138 959 2174 orationibus
976 2139 1125 2183 similia,
1155 2140 1288 2174 nemini
1318 2138 1542 2185 persuadere
1559 2139 1722 2185 poterit;
1750 2151 1835 2175 113111
1854 2140 1954 2176 hisce
1972 2143 2155 2189 exemplis
2171 2143 2294 2180 allatis

184 2199 249 2232 aut
277 2193 428 2244 Lysiam
456 2199 522 2233 aut
548 2197 715 2244 quemvis
755 2197 867 2235 alium
897 2197 1079 2235 orationis
1116 2205 1304 2236 auctorem
1343 2209 1422 2235 esse
1457 2196 1710 2235 demonstrari
1747 2202 1958 2247 potest⁶⁶).
2011 2200 2163 2245 Omnia,
2199 2214 2292 2251 quae

185 2258 403 2301 oppugnant
425 2254 605 2301 Lysiacae
626 2255 794 2300 dictioni,
821 2258 1035 2304 excerptori
1055 2257 1226 2293 attribuit
1245 2258 1308 2296 ita,
1335 2263 1374 2291 ut
1395 2256 1494 2291 dicat
1516 2258 1736 2303 orationem,
1764 2259 1886 2305 qualis
1907 2271 2003 2295 nunc
2020 2261 2127 2296 nobis
2149 2262 2291 2297 tradita

184 2312 245 2359 sit,
273 2323 295 2350 a
321 2311 436 2362 Lysia
462 2312 643 2362 scriptam
673 2324 746 2350 11011
775 2325 869 2352 esse.
897 2314 963 2353 sed
983 2314 1205 2353 breviarium
1229 2313 1410 2351 orationis
1431 2325 1453 2350 a
1473 2313 1586 2362 Lysia
1604 2315 1781 2365 scriptae.
1835 2316 1907 2355 Sed
1934 2329 2002 2366 per
2021 2319 2116 2356 hanc
2134 2318 2292 2357 alteram

184 2372 440 2409 recensionem
468 2372 686 2409 difficultate
714 2373 752 2408 in
779 2374 950 2410 oratione
985 2374 1227 2421 dijudicanda
1259 2375 1407 2417 evitata,
1444 2384 1517 2409 non
1543 2375 1767 2421 sublata⁶⁷)
1804 2376 1842 2412 id
1879 2377 2027 2425 quidem
2063 2379 2292 2423 conceditur,

184 2431 379 2479 scriptum,
407 2431 515 2480 quale
542 2431 724 2467 traditum
750 2432 809 2479 sit,
845 2432 891 2468 ab
923 2440 1097 2479 auctore,
1128 2432 1232 2479 cujus
1271 2432 1408 2467 nomini
1445 2432 1493 2468 sit
1526 2433 1769 2481 attributum,
1804 2437 2051 2484 compositum
2087 2448 2160 2473 non
2197 2448 2292 2476 esse.

183 2490 328 2527 Deinde
357 2492 615 2539 excerptorem
642 2490 756 2527 verba
782 2491 944 2539 exempli
971 2492 1099 2528 multis
1124 2492 1200 2528 fere
1235 2491 1327 2527 locis
1352 2490 1462 2526 verbo
1490 2497 1598 2528 tenus
1625 2494 1732 2541 sequi
1758 2499 1795 2530 et
1820 2506 1941 2543 pauca
1968 2494 2076 2531 modo
2116 2495 2292 2534 dictionis

358 2575 398 2611 ⁶⁴¹)
420 2574 584 2612 Franken,
612 2583 642 2604 a.
672 2583 701 2604 a.
734 2573 759 2604 O
801 2584 832 2613 p.
861 2576 911 2607 61.
962 2576 1002 2612 ⁶⁵)
1024 2576 1208 2613 Gleiniger,
1239 2585 1258 2605 a
1290 2584 1318 2606 a.
1340 2574 1374 2605 Ο.
1396 2585 1427 2613 p.
1457 2577 1526 2607 170.
1558 2577 1626 2607 171.
1657 2581 1725 2610 172.
1756 2581 1823 2609 175.
1857 2582 1922 2610 1⁷6.
1964 2582 2000 2618 ⁶⁶)
2029 2580 2175 2620 Sauppe,
2205 2582 2292 2614 Gon.

183 2623 253 2656 Gel.
276 2624 355 2678 Ans.
381 2626 459 2656 1864
481 2635 512 2665 p.
535 2626 595 2656 828
649 2626 688 2664 ⁶⁷)
714 2624 1181 2663 Willamovitz·Moellendorf‚
1203 2626 1335 2657 Hermes
1358 2625 1413 2656 IX.
1436 2636 1466 2666 p.
1489 2628 1548 2658 336
1583 2638 1612 2660 n.
1640 2631 1665 2660 l.
