2461 3078
1089 90 1334 124 ..14-

148 205 241 232 suae
266 192 404 232 aetatis
429 191 597 230 inserere
624 192 725 231 velut
748 192 814 232 XI.
840 191 862 243 ξ
889 195 904 229 1
933 193 1131 231 συνοίδασι
1166 204 1235 242 pro
1271 194 1444 232 συνίσασι
1479 194 1502 240 ξ
1528 195 1551 230 9
1578 194 1643 231 καὶ
1677 199 1800 232 ταῦτα
1833 194 2002 233 ostendit
2038 193 2158 233 oratio
2198 205 2268 232 un-

148 250 298 289 decima
321 257 546 300 comparata
571 262 655 288 cum
683 251 931 289 antecedenti.
982 251 1125 288 Contra
1152 252 1190 288 in
1227 252 1399 289 oratione
1433 257 1564 289 nostra
1596 252 1786 300 permulta
1819 253 2081 298 inveniuntur,
2113 263 2209 302 quae
2246 264 2269 290 a

148 310 285 368 Lysiae
310 321 483 349 sermone
510 309 661 349 dicendi
687 311 809 349 aliena
835 317 922 349 sunt
952 316 989 349 et
1012 322 1058 349 ea
1084 310 1131 348 ad
1151 311 1357 350 orationem
1385 323 1408 350 a
1435 311 1549 361 Lysia
1573 311 1863 360 abjudicandam
1890 311 1976 362 plus
2004 312 2130 351 valent
2157 323 2268 363 quam

148 370 289 408 similia
312 369 361 406 ad
388 370 600 406 orationem
627 369 762 418 Lysiae
788 370 1082 408 attribuendam.

323 428 579 467 Transeamus
603 440 702 467 nunc
728 428 776 466 ad
803 429 962 477 singula.
1014 428 1121 467 Hanc
1147 429 1354 466 orationem
1370 428 1630 478 composuisse
1647 428 1801 478 Lysiam
1820 428 2131 478 Benselerus08),
2158 440 2268 479 quem
2335 454 2337 456 -

148 487 319 536 sequitur
344 487 530 530 Blaesius,
570 492 681 535 negat
715 491 874 536 propter
909 487 1051 524 hiatum
1088 488 1259 525 consulto
1295 488 1486 525 evitatum.
1538 487 1697 525 Constat
1731 487 1829 524 euim
1864 487 1965 524 inter
2000 499 2129 526 omnes
2165 488 2268 526 viros

148 545 282 583 doctos
309 550 494 589 oratores,
526 547 590 595 qui
617 551 704 584 ante
731 546 933 584 Isocratem
962 546 1169 594 floruerint,
1206 547 1347 584 hiatum
1374 546 1591 583 evitandum
1620 559 1692 583 non
1722 557 1887 592 curasse,
1920 557 2039 595 neque
2065 547 2105 583 in
2130 546 2267 595 Lysiae

148 604 385 642 orationibus
412 605 526 642 ullum
553 604 663 652 hujus
686 604 804 641 studii
829 605 1026 652 vestigium
1045 606 1203 654 reperiri
1223 605 1406 653 exemplis
1425 605 1552 642 multis
1571 605 1679 643 facile
1701 604 1856 654 probari
1880 608 2019 653 potest.
2073 601 2112 641 sn
2129 607 2265 642 nostra

146 667 273 700 autem
302 664 474 700 oratione
500 663 695 701 contendit
720 662 942 701 Benselerus
979 665 1152 701 consulto
1180 676 1262 701 esse
1290 653 1470 700 evitat'um
1506 664 1691 700 vocalium
1729 673 1954 701 concursum
1990 666 2027 699 et
2060 662 2174 700 verba
2211 662 2266 700 ita

146 719 361 767 conjuncta,
386 724 428 758 ut
452 720 579 757 hiatus
605 731 678 757 non
704 720 897 760 existeret.
948 720 1126 765 Quamvis
1152 722 1191 758 in
1217 722 1386 759 oratione
1424 725 1557 759 octava
1584 723 1713 760 rarior
1739 721 1790 760 sit
1815 720 1950 767 hiatus,
1989 724 2116 758 tamen
2142 720 2264 758 secuti

146 779 316 818 codicem
344 779 380 817 X
406 791 430 816 a
455 779 627 817 Scheibio
655 792 875 828 expressum
909 792 1115 818 concursus
1153 781 1335 818 vocalium
1371 781 1552 819 videmus.
1618 783 1641 827 ξ
1668 785 1701 819 1.
1727 781 1768 818 δὲ
1794 775 1861 818 ὧν.
1912 782 1935 826 ξ
1962 783 1995 818 5.
2020 779 2062 816 δὲ
2086 775 2266 827 ὑβρίζειν.

147 839 170 887 ἕ
197 841 233 878 6.
258 838 300 877 δὲ
325 838 493 888 αἰσχρὸν.
542 836 631 877 οὐδὲ
655 837 846 878 ἀπειπεῖν.
898 841 920 887 ἓ
956 842 989 878 9.
1024 840 1089 878 καὶ
1125 839 1220 889 ἐμοὶ.
1281 841 1303 886 ἓ
1346 842 1402 878 10.
1436 840 1482 878 τὸ
1517 838 1712 890 ἀργύριον.
1773 841 1795 887 ἓ
1833 842 1888 878 11.
1920 842 2029 888 σφῶν
2061 851 2102 888 γε
2136 836 2268 877 αὐτῶν

145 897 363 941 (Dobreus).
413 899 478 935 καὶ
503 897 589 946 ἐγὼ.
640 899 663 942 ξ
692 902 748 936 14.
773 900 838 936 καὶ
862 899 947 947 ἐγὼ.
1000 901 1022 944 ξ
1052 903 1107 936 15.
1135 901 1175 937 δὲ
1201 897 1308 936 εἶναι.
1371 899 1460 936 οὔτε
1486 897 1660 938 ἀκοῦσαι.
1712 898 1801 936 οὔτε
1827 895 2064 946 ἀπαγγεῖλαι.
2116 899 2181 935 καὶ
2206 896 2265 935 οὐ.

145 955 169 1002 ὅ
195 959 253 995 16.
278 956 320 995 δὲ
342 955 474 1007 ἐπειδή
499 967 657 1006 quorum
677 956 815 995 multos
848 957 1012 996 Cobetus
1037 962 1189 996 secutus
1223 969 1332 995 aures
1357 962 1394 996 et
1425 963 1595 996 naturam
1620 970 1692 996 non
1722 957 1891 995 hebetem
1917 961 1954 994 et
1978 954 2088 1004 longo
2113 953 2261 1004 legendi

145 1027 218 1053 usu
245 1017 441 1054 subactam
455 1019 514 1061 ⁶⁹)
540 1018 640 1053 crasi
666 1022 733 1053 aut
758 1017 914 1053 elisione
941 1024 1118 1055 removet.
1169 1019 1226 1054 Ac
1252 1018 1287 1053 id
1311 1018 1459 1065 quidem
1487 1022 1545 1053 est
1568 1017 1708 1054 Cobeto
1728 1015 2021 1061 concedendum,
2046 1015 2157 1052 facile
2183 1016 2267 1052 fieri

144 1074 330 1124 potuisse,
355 1078 397 1113 ut
423 1075 522 1113 crasi
548 1080 615 1113 aut
639 1075 794 1114 elisione
821 1075 860 1113 in
887 1075 945 1113 his
971 1075 1065 1114 locis
1089 1076 1213 1115 hiatus
1238 1076 1356 1115 levior
1374 1076 1590 1122 evitaretur,
1618 1075 1650 1113 si
1677 1080 1807 1113 orator
1834 1073 2027 1112 voluisset.
2079 1072 2153 1112 Sed
2179 1085 2261 1112 cum

145 1133 282 1182 Lysias
309 1134 453 1171 hiatum
477 1145 552 1171 non
578 1135 789 1179 evitaverit,
816 1140 857 1171 ut
882 1146 1000 1183 supra
1028 1136 1169 1172 dictum
1196 1141 1264 1179 est,
1291 1146 1410 1183 neque
1438 1136 1475 1171 in
1503 1135 1604 1172 crasi
1625 1146 1743 1182 neque
1770 1134 1808 1170 in
1827 1133 1983 1170 elisione
2010 1134 2263 1171 constantiam

145 1195 183 1230 et
211 1192 377 1240 regulam
405 1192 507 1242 apud
534 1204 617 1230 eum
644 1192 973 1243 deprehendimus.
1024 1191 1142 1244 κάγὼ.
1171 1193 1195 1232 l.
1217 1198 1260 1232 13
1281 1194 1348 1232 bis.
1392 1193 1450 1232 III.
1480 1197 1536 1232 11.
1601 1191 1739 1231 XXIV.
1769 1195 1804 1231 5.
1854 1190 1975 1231 XXV.
2000 1195 2034 1231 7.
2099 1192 2163 1229 καὶ
2189 1190 2263 1241 ἐγὼ

144 1250 173 1290 I.
201 1254 258 1289 12.
309 1251 371 1290 III.
398 1255 431 1290 5.
486 1251 547 1290 IV.
574 1254 608 1290 9.
663 1251 759 1290 VIII.
788 1256 845 1290 11.
873 1256 931 1290 14.
992 1250 1075 1291 XII.
1103 1257 1159 1290 17.
1221 1252 1320 1290 XIII.
1349 1256 1406 1290 90.
1464 1250 1641 1296 κάκεῖνος
1672 1252 1697 1290 Ι.
1727 1255 1783 1289 19.
1810 1255 1870 1289 25.
1900 1255 1960 1289 42.
2021 1249 2117 1289 VIII.
2144 1255 2177 1289 3.
2206 1254 2264 1289 15.

142 1308 210 1348 XI.
237 1313 294 1348 12.
345 1309 447 1349 XIV.
474 1314 533 1349 26.
582 1310 720 1349 XXIV.
747 1314 805 1349 20.
856 1310 994 1350 XXVI.
1021 1314 1054 1350 9.
1085 1315 1139 1349 13.
1170 1315 1225 1349 15.
1276 1313 1341 1349 καὶ
1366 1311 1510 1355 ἐκεῖνος
1537 1311 1566 1349 Ι.
1593 1314 1629 1349 4.
1680 1310 1781 1349 XIII.
1808 1313 1868 1348 27.
1924 1309 1965 1348 II.
1992 1313 2026 1348 2.
2076 1308 2180 1348 ΧΙΧ.
2208 1312 2266 1348 34.

142 1367 245 1408 XXI.
271 1374 331 1409 24.
381 1368 592 1418 τάργύριον
618 1370 680 1409 IV.
707 1374 741 1409 9.
792 1370 911 1409 XVII.
937 1376 971 1409 2.
1022 1373 1068 1409 τὸ
1094 1369 1278 1419 ἀργύριον
1306 1371 1366 1409 III.
1393 1375 1452 1409 25.
1510 1370 1603 1409 VIII.
1627 1375 1683 1409 10.
1738 1370 1799 1408 IX.
1826 1375 1860 1408 6.
1913 1369 1960 1408 X.
1981 1372 2038 1407 18.
2079 1368 2217 1407 XXIV.
2233 1372 2267 1408 8.

142 1426 266 1465 ταύτὰ
303 1427 401 1466 VIII.
437 1432 462 1466 4
497 1428 555 1466 bis
592 1431 626 1467 9.
676 1428 724 1467 X.
759 1432 818 1467 20.
867 1428 969 1467 XIX.
1005 1434 1063 1468 36.
1113 1428 1268 1467 XXVII.
1304 1432 1338 1467 9.
1389 1429 1437 1466 τὰ
1463 1429 1560 1467 αὐτὰ
1588 1429 1650 1468 VI.
1679 1433 1735 1467 15.
1764 1431 1822 1467 38.
1874 1426 1955 1465 Hac
1980 1428 2018 1463 in
2043 1439 2084 1463 re
2124 1427 2266 1464 discer-

143 1498 233 1524 nere
261 1487 519 1526 difficillimum
547 1494 616 1527 est.
668 1490 763 1527 Nam
789 1490 907 1527 secuti
935 1490 1102 1527 codicem
1124 1502 1280 1539 eumque
1299 1491 1479 1539 optimum
1497 1489 1627 1527 traditi
1646 1500 1775 1526 sumus
1789 1488 2030 1526 librariorum
2046 1487 2265 1533 temeritati,

144 1556 229 1582 cum
256 1544 426 1583 codicum
442 1547 648 1596 scriptores
677 1549 745 1585 hoc
769 1559 844 1584 non
862 1548 1177 1586 animadvertisse
1197 1554 1345 1586 constet
1368 1549 1465 1585 inter
1493 1559 1633 1586 omues.
1689 1547 1822 1596 Lysiae
1849 1546 1999 1584 codices
2019 1543 2119 1582 vitiis
2141 1544 2264 1582 defor-

141 1604 234 1642 mati
262 1604 388 1644 bacin
416 1619 455 1645 re
475 1606 613 1645 nullam
640 1606 781 1645 habent
798 1608 1076 1647 auctoritatem.
1129 1608 1356 1647 Difficillime
1384 1607 1529 1646 tollitur
1554 1611 1620 1645 aut
1640 1612 1852 1645 removetur
1871 1606 1993 1644 hiatus
2020 1605 2059 1643 in
2076 1604 2134 1643 his
2158 1604 2262 1645 locis.

142 1665 165 1710 ὅ
194 1667 227 1702 1.
255 1667 312 1702 14.
337 1666 427 1713 περὶ
439 1661 507 1702 ὧν.
557 1668 581 1712 ξ
602 1670 635 1704 3.
654 1666 801 1703 εἰπάτω
819 1664 901 1703 οὖν.
945 1669 967 1713 ξ
988 1670 1023 1704 4.
1039 1668 1166 1704 καίτοι
1186 1664 1321 1711 οὕτως.
1372 1668 1461 1715 περὶ
1474 1666 1651 1715 ἐμαυτοῦ.
1691 1664 1716 1702 ὅ
1726 1679 1764 1702 τι
1779 1665 1936 1713 ἐλέγετε.
1976 1666 1999 1711 ξ
2023 1667 2057 1702 5.
2088 1664 2262 1712 οἰόμενοι

141 1722 215 1771 ἐμὲ.
255 1725 278 1770 ξ
294 1727 326 1761 7.
348 1722 513 1773 ὑμέτερα
526 1722 707 1772 ἀσφαλῶς
720 1723 868 1772 ἔχοντα.
908 1728 981 1772 ξὸ.
1007 1724 1133 1775 ᾤεσθε
1146 1725 1385 1774 ἀπαγγελεῖν.
1425 1728 1447 1772 ἓ
1475 1729 1508 1764 9.
1534 1727 1731 1775 ποιήσαιμι
1759 1724 1890 1762 αὐτὸν.
1928 1729 2049 1761 ταῦτα
2064 1723 2107 1761 εἰ.
2156 1724 2179 1769 ἓ
2208 1725 2265 1760 10.

141 1780 274 1821 οὑτοσὶ
297 1781 535 1832 ἀποτρέπειν
548 1784 706 1831 (Cobet).
757 1790 828 1822 τοῦ
853 1784 989 1824 ἵππου.
1031 1799 1076 1834 με
1106 1785 1173 1835 εἴη.
1201 1787 1223 1831 ἓ
1243 1789 1297 1822 11.
1325 1783 1399 1831 ἄρα
1424 1783 1505 1822 οὐκ.
1558 1787 1580 1831 ξ
1610 1789 1666 1823 12.
1693 1790 1811 1822 τοῦτο
1838 1782 2117 1832 ἀντέπραττον.
2166 1783 2189 1829 ἓ
2208 1784 2265 1819 15.

139 1848 258 1881 τοῦτο
272 1841 535 1892 Αὐτοκράτης.
576 1845 816 1892 Θρασυμάχῳ
849 1844 987 1893 ἔλεγεν.
1039 1845 1201 1883 πώποτε
1237 1843 1411 1891 ἔφασκεν.
1475 1847 1497 1891 ξ
1525 1848 1581 1883 16.
1612 1844 1743 1893 ἐπειδὴ
1774 1843 2053 1882 ἐκλελοίπασιν.
2114 1842 2265 1879 λείπετε

139 1901 210 1952 ἤδη
236 1900 361 1939 οὐδέν.
421 1904 444 1949 ἓ
471 1905 528 1940 17.
546 1907 669 1940 ταῦτα
692 1901 776 1940 οὐκ.
828 1916 866 1939 τι
896 1901 1059 1940 ἔπαθον.
1110 1905 1196 1952 περὶ
1221 1902 1408 1953 ἀλλήλων.
1461 1905 1483 1950 ξ
1513 1906 1568 1940 19.
1595 1902 1616 1941 ὁ
1642 1901 1706 1947 εἶς.
1755 1903 1935 1950 βέλτιστα
1959 1901 2090 1951 ἐρεῖτε.

315 1961 478 1998 Accedit
504 1961 552 1997 ad
576 1961 669 1999 haec
695 1961 871 2009 exempla
896 1962 1040 1999 Reiskii
1068 1963 1281 1999 emendatio
1318 1961 1423 1999 εὖνοι
1460 1962 1570 2005 ὄντες
1605 1974 1674 2011 pro
1706 1962 1841 2006 εὔνους
1877 1961 2002 2006 ὄντες,
2039 1958 2139 2007 quod
2176 1957 2262 1995 libri

139 2018 330 2065 exhibent,
358 2029 468 2067 quam
494 2019 795 2057 emendationem
824 2019 997 2066 Cobetus,
1035 2020 1092 2057 vir
1128 2021 1235 2058 attici
1263 2021 1445 2057 sermonis
1472 2021 1738 2069 peritissimus,
1763 2020 1911 2069 probat.
1964 2018 2125 2057 Cobetus
2165 2015 2262 2053 enim

139 2077 383 2127 participium
397 2076 624 2123 εὐνοοῦντες
641 2082 678 2116 et
691 2083 975 2123 κακονοοῦντες
990 2079 1179 2117 constanti
1196 2079 1278 2117 usui
1301 2079 1465 2117 omnium
1483 2079 1596 2117 attice
1613 2078 1845 2128 loquentium
1862 2087 2072 2128 repugnare
2090 2075 2184 2114 dicit
2197 2077 2257 2120 ⁷⁰)

141 2147 297 2185 eamque
323 2138 369 2174 ob
389 2149 542 2175 causam
570 2148 640 2185 pro
666 2142 949 2181 κακονοοῦντες
974 2137 1111 2176 XXIX.
1141 2142 1202 2180 10.
1230 2150 1341 2186 quam
1368 2139 1405 2174 in
1434 2138 1641 2174 orationem
1660 2137 1870 2174 scribarum
1890 2136 2067 2174 socordia
2091 2134 2264 2183 irrepsit,

140 2195 308 2235 restituit
333 2196 497 2237 κακόνοι
522 2195 633 2242 ὄντες
658 2201 697 2236 et
721 2195 947 2243 εὐνοοῦντες
974 2195 1077 2239 XIII.
1105 2201 1161 2242 13,
1198 2210 1309 2248 quam
1339 2197 1535 2237 lectionem
1566 2194 1653 2235 libri
1680 2195 1878 2244 exhibent,
1913 2195 1994 2235 sine
2021 2191 2263 2234 cunctatione

141 2260 262 2293 mutat
286 2257 326 2293 in
351 2256 458 2295 εὖνοι
484 2257 604 2302 ὄντες.
657 2257 911 2306 Opponuntur
942 2257 1039 2294 inter
1070 2269 1109 2294 se
1146 2257 1285 2294 εὔνουν
1316 2255 1413 2294 εἶναι
1447 2261 1485 2293 et
1519 2257 1715 2295 κακόνουν
1740 2255 1848 2302 εἶναι,
1881 2267 1955 2293 non
1985 2261 2191 2293 κακονοεῑν
2227 2256 2265 2288 et

139 2315 241 2354 κακὰ
270 2325 377 2355 νοεῖν
403 2316 481 2355 sive
508 2315 668 2355 εὐνοεῖν.
718 2315 873 2364 Lysiam
905 2316 1104 2354 adamasse
1132 2316 1357 2364 adjectivum
1387 2328 1470 2353 cum
1506 2316 1619 2354 verbo
1655 2314 1753 2355 εἶναι
1789 2316 2029 2363 conjunctum
2055 2312 2184 2351 multis
2216 2323 2263 2349 ex

138 2372 233 2412 locis
261 2375 393 2423 elucet,
419 2386 513 2425 quos
538 2373 648 2413 affert
674 2374 978 2413 Kirchnerus⁷·›
1004 2374 1103 2414 XIII.
1143 2379 1173 2414 l·.
1204 2379 1260 2414 10.
1310 2374 1447 2413 XVIII.
1474 2377 1508 2413 8.
1559 2374 1642 2415 XX.
1680 2380 1712 2414 1.
1749 2379 1806 2415 17.
1840 2378 1874 2414 8.
1910 2377 1944 2413 9.
1995 2372 2078 2412 XII.
2115 2374 2176 2410 49.
2204 2372 2262 2408 59.

140 2437 199 2473 65.
227 2437 286 2473 93.
336 2435 437 2474 XIII.
463 2438 522 2473 93.
549 2438 607 2473 10.
657 2434 759 2473 XIV.
789 2438 845 2473 10.
896 2434 997 2473 XVI.
1024 2440 1057 2474 3.
1108 2435 1243 2474 XVIII.
1270 2441 1304 2474 6.
1332 2440 1387 2474 11.
1415 2440 1473 2474 26.
1524 2435 1608 2474 XX.
1632 2440 1666 2474 2.
1688 2440 1747 2475 27.
1797 2435 1940 2474 XXXI.
1962 2438 2018 2473 18.
2069 2431 2205 2470 XVIII.
2226 2433 2261 2469 8.

142 2491 221 2531 VII.
248 2496 307 2531 28.
358 2492 479 2532 XXV.
507 2497 539 2532 7.
590 2492 729 2532 XXIX.
759 2497 816 2531 10.
866 2493 966 2532 XIII.
995 2497 1051 2532 13.
1104 2494 1194 2531 Cum
1215 2499 1361 2532 constet
1379 2495 1479 2531 inter
1504 2505 1632 2531 omnes
1655 2494 1772 2543 Lysia
1796 2494 1982 2531 neminem
2003 2492 2122 2538 magis
2142 2489 2257 2527 attice

316 2579 357 2618 ⁶⁰)
378 2578 546 2619 Benseler,
568 2586 598 2610 a.
620 2586 652 2610 a.
673 2578 709 2610 Ο.
732 2587 763 2618 p.
788 2578 856 2609 183.
899 2578 936 2617 ⁶⁰)
959 2577 1070 2619 Cobet,
1092 2578 1142 2610 ed.
1166 2578 1238 2619 Lys.
1253 2576 1696 2612 orat.Amstelodami'1868.
1718 2580 1824 2620 praef.
1846 2589 1876 2620 p.
1898 2579 1937 2610 V.
1981 2579 2021 2616 ⁷⁰)
2046 2577 2080 2609 C.
2097 2576 2135 2608 G.
2150 2576 2262 2616 Cobet,

135 2629 244 2661 oratio
267 2629 308 2661 de
323 2633 395 2661 arte
408 2629 650 2670 interpretandi
672 2629 913 2668 Lugduni-But.
938 2630 1027 2661 1858.
1048 2640 1079 2670 p.
1099 2631 1174 2661 552.
1210 2631 1248 2669 ⁷¹)
1271 2630 1443 2670 Kirchner,
1466 2641 1495 2662 a.
1520 2640 1549 2663 a.
1572 2626 1608 2662 O.
1630 2641 1661 2671 p.
1684 2632 1734 2663 20.
