2461 3078
1096 75 1341 109 —17-

159 181 276 226 Quam
304 179 559 227 conjecturam
583 179 623 216 in
648 178 899 216 recentiorum
926 179 1133 217 editionum
1166 182 1311 215 textum
1335 184 1526 229 receptam
1561 183 1663 216 recte
1697 179 1735 216 in
1765 178 1918 217 dubium
1947 183 2085 218 vocant
2112 179 2273 223 Bakius,

158 239 340 282 Pertzius,
366 237 620 281 Fritzschius;
657 236 846 285 ἐπιλέγειν
870 237 1042 276 absolute
1065 237 1208 276 dictum
1233 237 1272 274 in
1299 237 1369 275 hac
1392 238 1544 276 notione
1580 249 1764 286 nusquam
1790 238 1892 286 apud
1919 242 2090 276 oratores
2135 238 2270 286 depre-

158 296 357 340 henditur3
381 296 431 334 τὰ
455 295 707 345 ἐπιλεγόμενα
730 295 843 333 modo
870 296 925 334 sic
948 296 1124 345 usurpari
1148 295 1299 333 videtur
1326 296 1372 333 ab
1399 295 1617 334 Aristotele.

333 354 493 393 Accedit
516 354 566 393 ad
592 353 684 393 haec
700 354 874 404 exempla
899 354 1067 402 ejusdem
1091 354 1293 392 locutionis
1319 359 1356 392 et
1378 356 1483 393 verbi
1508 354 1684 404 repetitio
1711 353 1813 391 haud
1840 354 1967 393 multis
1994 354 2122 392 verbis
2148 355 2268 392 inter·

156 412 307 461 positis.
357 417 518 461 πρῶτον
541 413 613 461 μὲν
636 414 660 459 ξ
686 416 720 451 3.
746 415 781 451 8.
809 416 865 452 10,
892 416 941 452 20
963 413 1044 450 sine
1063 411 1316 460 respondente
1340 411 1422 450 εἶτα
1442 413 1520 450 sive
1546 411 1678 450 ἔπειτα
1703 413 1766 456 δὲ,·
1790 413 1837 450 τὸ
1859 416 2082 450 τελευταῖον
2109 413 2131 462 ξ
2152 416 2186 451 5.
2207 416 2266 451 19.

155 469 375 522 ὑπερείδετε
399 471 422 522 ἓ
449 475 482 517 7,
507 469 683 522 ὑπερεῖδε
707 472 730 517 ἓ
746 475 808 519 14;
834 475 932 520 §15-
945 473 1164 523 μέμφεσθαι
1179 469 1293 521 αὐτῷ,
1308 470 1330 521 ἓ
1348 477 1365 510 1
1381 474 1606 522 μέμψασθαι
1619 479 1701 517 τοῖς
1715 469 1914 510 ἀδικοῦσιν
1926 471 2002 520 ἐμέ.
2042 470 2270 522 ἀπήγγειλεν

156 531 227 579 §a
242 535 307 573 12;
333 531 569 581 ἀπήγγελλεν
582 534 605 577 ξ
620 534 661 575 9,·
685 531 974 580 ἀπαγγέαλοντα
993 532 1016 581 ξ
1034 535 1092 576 15,
1105 531 1329 579 ἀπαγγεῖλαι
1343 535 1366 578 ξ
1384 536 1448 575 15;
1475 535 1498 578 ξ
1515 537 1549 570 3.
1565 536 1693 575 κακῶς
1705 531 1754 568 τὰ
1767 532 1838 578 μὲν
1852 532 1976 579 λέγειν
1998 532 2048 569 τὰ
2072 533 2113 569 δὲ
2131 540 2272 576 ποιεῖν,

157 590 180 635 ἓ
200 592 245 626 19
263 593 392 634 κακῶς
411 590 534 637 λέγειν
549 591 615 627 καὶ
626 597 771 634 ποιεῖν,·
794 591 818 635 „S
838 595 871 628 3.
885 591 1037 639 δεηθεὶς
1053 588 1124 627 οὐκ
1139 588 1282 637 ἔτυχεν,
1302 589 1324 639 ξ
1343 594 1387 627 13
1405 591 1555 639 δεηθεὶς
1572 589 1761 637 ἐπιλέγειν
1778 589 1849 626 οὑκ
1874 588 2032 636 ἔτυχον;
2059 591 2124 627 καὶ
2148 594 2273 626 ταῦτα

155 647 178 698 ξ
197 652 230 687 3.
246 651 279 687 5.
300 653 335 687 6.
348 651 382 688 8.
398 651 431 687 9.
448 652 504 687 12.
522 652 587 692 14;
614 647 881 697 ἀντέπραττον
895 653 941 688 12
954 649 1032 693 bis;
1057 650 1255 697 ξυμβαίνει
1268 648 1290 699 ξ
1304 652 1337 688 9.
1354 653 1414 691 12;
1440 648 1597 693 ἐκεῖνος,
1610 648 1757 692 ἐκεῖνος
1783 647 1944 694 ἐκεῖνον,
1958 648 2106 692 ἐκεῖνος
2119 647 2271 687 ἐκεῖνον

156 706 178 755 ξ
196 710 235 748 9;
261 707 377 743 verba
393 707 538 751 ἐκεῖνος
554 713 593 743 et
604 706 781 751 κάκεῖνος
796 706 892 744 baud
909 708 1035 744 multis
1060 708 1185 744 verbis
1206 708 1443 754 interpositis
1461 710 1484 752 ξ
1511 711 1555 744 15
1584 719 1657 743 non
1683 707 1841 743 eandem
1868 718 2070 754 personam
2108 707 2271 753 (ἐκεῖνος

156 763 489 814 Thrasymachum,
515 763 693 809 κάκεῖνος
719 764 989 815 Menophilum)
1014 766 1248 814 significant;
1273 771 1395 803 ταῦτα
1410 765 1678 814 septendecim,
1702 766 1768 802 καὶ
1782 764 1939 810 triginta
1955 776 2033 811 sex,
2049 764 2123 814 γὰρ
2140 765 2271 812 viginti

156 828 336 873 quattuor
361 823 453 861 locis
480 824 662 861 orationis
688 824 1008 871 inveniuntur⁸³).
1058 826 1129 873 μὲν
1154 824 1226 873 γὰρ
1255 828 1287 862 1.
1313 828 1347 863 8.
1375 827 1396 860 9
1423 828 1488 868 20;
1513 825 1584 872 μὲν
1608 821 1680 862 οὖν
1705 824 1899 872 quinquies
1925 824 2075 869 legitur.
2102 845 2152 850 —

330 882 456 919 Inanis
483 888 542 920 est
567 883 679 931 copia
705 884 903 921 verborum
930 889 977 927 et,
1003 888 1046 921 ut
1071 884 1126 921 ita
1152 883 1296 927 dIcam,
1333 884 1470 932 loquax
1506 883 1688 932 quaedam
1730 882 1964 928 verbositas,
2000 894 2075 931 qua
2111 881 2269 919 eaedem

156 940 408 986 cogitationes
437 941 520 978 aliis
546 942 655 978 modo
682 942 806 979 verbis
833 946 1065 991 repetuntur.
1092 942 1282 979 inoenitur
1307 943 1346 978 in
1372 942 1552 980 oratione.
1604 944 1627 988 ξ
1653 944 1689 979 4.
1715 939 1739 978 ἃ
1765 938 1799 978 δ’
1825 941 1972 989 ἐλέγετε
1996 963 2045 968 -
2074 940 2165 989 ὑμῖν
2188 941 2271 979 ἐπι-

154 1003 296 1044 καλῶν,
322 998 397 1037 ὅτι
420 999 566 1047 ἐλέγετε
581 1003 664 1038 κατ’
680 1001 783 1049 ἐμοῦ.
835 1001 987 1042 Sensus.
1014 1001 1077 1050 qui
1095 1002 1321 1049 exprimitur
1336 1013 1404 1049 per
1422 1003 1444 1047 ξ
1464 1005 1485 1039 2
1503 1001 1621 1050 μηδὲν
1637 999 1831 1049 ἀδικῶν,ξ
1850 1005 1871 1038 3
1890 998 1948 1043 οῖς
1966 1000 2200 1050 ἐξημάρτηκε
2218 1022 2268 1027 —-

154 1058 304 1107 δεηθεὶς
331 1058 515 1107 recipitur
541 1070 609 1107 per
636 1061 748 1097 verba
778 1060 974 1109 πρότερον
996 1081 1047 1086 -
1071 1058 1257 1108 ἁμαρτίας
1281 1081 1331 1086 -
1353 1058 1530 1103 κάκεῖνος
1554 1059 1770 1108 ἐπήγγειλε,
1806 1060 1869 1108 qui
1904 1059 1976 1096 loci
2012 1059 2120 1106 longe
2156 1058 2270 1096 alieni

155 1122 244 1153 sunt
270 1129 291 1153 a
321 1116 455 1164 Lysiae
481 1129 651 1155 sermone
678 1119 826 1156 dicendi
853 1119 902 1156 ad
917 1118 1097 1165 majorem
1113 1120 1323 1156 sententiae
1345 1119 1540 1166 emphasin
1557 1118 1847 1164 conciliandam,
1866 1117 1967 1156 XIII.
1985 1121 2041 1157 19.
2056 1118 2269 1164 ἐβούλοντο

154 1172 225 1212 οὖν
258 1172 407 1212 ἄκοντα
438 1176 568 1213 δοκεῖν
602 1175 722 1215 αὐτὸν
757 1178 821 1214 καὶ
845 1178 897 1226 μὴ
931 1175 1073 1214 ἑκόντα
1096 1177 1265 1226 μηνύειν.
1315 1175 1453 1215 XXIV.
1478 1180 1513 1214 4.
1549 1178 1614 1214 καὶ
1639 1177 1711 1225 γὰρ
1736 1180 1792 1225 τῷ
1817 1177 1965 1225 σώματι
1990 1177 2180 1215 δύνασθαι
2205 1178 2270 1214 καὶ

154 1232 226 1271 οὐκ
251 1231 348 1271 εἶναι
373 1240 454 1272 τῶν
478 1234 690 1273 ἀδυνάτων.
739 1235 840 1274 XIII.
867 1241 926 1275 22.
952 1242 1036 1281 πῶς
1060 1234 1133 1274 οὐκ
1157 1235 1206 1274 ἄν
1230 1237 1442 1285 ἠνάγκασεν
1466 1236 1489 1286 ἡ
1508 1237 1629 1285 βουλὴ
1653 1236 1775 1274 εἰπεῖν
1794 1235 1843 1273 τὰ
1858 1235 2031 1284 ὀνόματα
2057 1237 2270 1285 θεόκριτον

152 1293 217 1329 καὶ
240 1293 292 1341 μὴ
317 1291 523 1342 ἀνώνυμον
546 1295 619 1343 τὴν
630 1296 792 1343 μήνυσιν
808 1297 1057 1346 ποιήσασθαι,
1086 1295 1148 1332 ubi
1177 1296 1305 1332 eadem
1334 1307 1394 1332 res
1421 1300 1457 1331 et
1474 1295 1697 1331 affirmative
1723 1298 1763 1330 et
1787 1295 1960 1341 negative
1985 1296 2189 1344 profertur.
2217 1317 2262 1321 -

330 1351 537 1390 Holschero
554 1356 610 1396 ⁸⁴)
625 1353 820 1392 offensIoni
835 1362 895 1392 est
908 1354 1063 1392 verbum
1076 1354 1276 1403 ἐπεγκαλῶ
1294 1366 1363 1404 pro
1378 1354 1536 1403 ἐγκαλῶ,
1552 1353 1652 1403 quod
1666 1353 1818 1391 verbum
1836 1354 1973 1402 probat
1990 1353 2266 1402 Scheibius⁸⁵>,

151 1421 235 1447 cum
261 1409 396 1459 Lysias
425 1411 613 1460 simplicia
638 1413 752 1451 verba
777 1414 904 1461 eligat.
957 1413 1110 1462 Lysiam
1129 1413 1359 1462 simplicium
1379 1414 1574 1450 verborum
1595 1418 1783 1449 amantem
1813 1425 1894 1449 esse
1924 1435 1967 1440 —
1994 1413 2034 1449 id
2061 1414 2161 1462 quod
2183 1414 2264 1461 jam

150 1468 329 1506 Reiskius
364 1471 538 1517 cognovit
562 1494 607 1498 -
633 1473 809 1510 concedit
834 1473 1046 1517 Geversius,
1083 1471 1149 1509 sed
1187 1473 1253 1509 boc
1278 1472 1332 1508 ita
1358 1472 1584 1509 intellectum
1614 1472 1703 1516 vult,
1731 1476 1782 1516 ut,
1819 1483 1902 1509 eum
1939 1482 2006 1520 per
2039 1473 2266 1510 sententiam

153 1531 350 1575 utrumque
374 1528 499 1573 liceat,
526 1530 720 1577 praeferat
747 1531 899 1568 verbum
926 1530 1098 1578 simplex,
1133 1529 1200 1566 sed
1236 1542 1334 1567 nexu
1358 1531 1629 1567 sententiarum
1658 1530 1873 1579 postulante
1910 1541 1983 1567 non
2021 1531 2147 1567 verbis
2180 1542 2264 1568 cum

150 1585 295 1625 duabus
316 1588 661 1636 praepositionibus
682 1590 893 1637 conjunctis
914 1590 1115 1627 abstineat.
1168 1588 1246 1625 Hoc
1266 1588 1442 1625 Geversio
1463 1593 1520 1625 est
1536 1589 1832 1633 concedendum,
1854 1602 1937 1627 cum
1957 1589 2095 1638 Lysiae
2113 1589 2263 1627 codices

149 1645 358 1692 praebeant
382 1646 482 1684 XIII.
511 1650 570 1685 25.
596 1652 981 1693 συνεκπλευσεῖσθαι,
1017 1651 1247 1685 συνεκπλεῖν
1280 1647 1385 1685 XIII.
1411 1652 1456 1685 26
1491 1647 1560 1692 bis,
1596 1651 1664 1690 27;
1698 1649 1931 1694 συνεξέδωκε
1966 1647 2069 1686 XIX.
2104 1651 2170 1690 59;
2202 1647 2268 1685 ἐπ-

147 1704 378 1752 εξέρχεσθαι,
404 1704 603 1751 ἐπεξιέναι,
629 1718 724 1755 quae
749 1707 863 1745 verba
889 1707 1050 1754 „judicio
1065 1707 1335 1755 persequi·‘⁸⁶)
1363 1717 1475 1753 saepe
1501 1706 1539 1742 in
1566 1706 1681 1744 attico
1708 1706 2045 1753 foro-adhibentur
2070 1705 2118 1744 X.
2144 1710 2178 1744 2.
2206 1710 2265 1745 31.

147 1761 284 1801 ΧΧΙΙΙ.
314 1767 369 1800 14.
420 1763 560 1802 XXXI.
587 1767 644 1803 18.
693 1765 849 1804 XXVII.
867 1769 932 1808 153
959 1765 1214 1813 ἐπανάγνωθι
1238 1765 1285 1803 X.
1306 1768 1362 1809 18,
1388 1765 1487 1813 quod
1506 1765 1633 1801 multis
1659 1770 1696 1802 et
1714 1766 1805 1802 viris
1825 1765 1946 1802 doctis
1964 1764 2261 1802 assentientibus

148 1832 171 1858 a
197 1821 236 1860 P.
263 1821 305 1860 R.
333 1821 491 1861 Mfillero
530 1828 713 1861 mutatum
740 1832 796 1862 est
820 1825 859 1862 in
883 1823 941 1862 ἔτι
964 1824 1188 1873 ἀνάγνωθι;
1213 1823 1334 1863 XXV.
1354 1827 1375 1861 9
1403 1826 1685 1873 συγκατῆλθον.
1736 1823 2083 1872 προσαπολωλέναι
2096 1822 2178 1861 XII.
2205 1827 2265 1870 64,

146 1880 451 1919 συναπώλλυντο
488 1880 574 1920 XII.
601 1885 669 1928 88,
702 1887 1058 1933 προσενθυμηθῶσι
1092 1882 1229 1921 XXVI.
1266 1887 1322 1922 13.
1360 1894 1433 1919 non
1467 1884 1505 1919 in
1542 1884 1799 1932 bicompositis
1836 1883 2069 1920 numeranda
2103 1887 2193 1919 sunt
2227 1886 2266 1920 et

146 1941 500 1988 περικαταρρέοντα
525 1939 647 1980 XXX.
674 1945 720 1980 22
749 1947 786 1980 et
810 1941 1192 1991 ἀποδιοπομπεῖσθαι
1221 1942 1281 1981 VI.
1307 1946 1352 1981 53
1384 1942 1423 1979 in
1448 1943 1683 1980 orationibus
1710 1944 1962 1990 inveniuntur,
1989 1954 2082 1991 quas
2112 1942 2262 1992 Harpo—

146 1998 266 2033 cratio
302 2009 325 2033 a
364 1998 478 2046 Lysia
515 1999 719 2045 abjudicat.
771 2000 845 2037 Sed
883 2005 1013 2038 nostro
1051 2001 1132 2038 loco
1173 2013 1270 2038 nexu
1309 2002 1583 2038 sententiarum
1622 2003 1912 2050 bicompositum
1950 2013 2025 2037 non
2066 1999 2263 2049 flagitante

145 2055 344 2104 ἐπεγκαλῶ
371 2056 509 2094 dicitur
535 2069 602 2105 pro
630 2057 779 2106 ἐγκαλῶ
805 2060 1104 2108 praepositionis
1144 2060 1208 2099 ἐπὶ
1231 2062 1384 2098 notione
1416 2060 1528 2109 plane
1562 2060 1694 2099 deleta.
1751 2060 1913 2099 Verbum
1952 2061 2152 2110 ἐπεγκαλῶ
2188 2072 2263 2098 non

146 2115 334 2162 significat
359 2114 580 2160 „Vorwfirfe
610 2116 704 2154 noch
730 2117 827 2155 dazu
853 2119 1034 2156 machen“
1062 2123 1103 2155 ut
1130 2119 1262 2167 Lysiae
1289 2120 1534 2167 temporibus,
1562 2119 1628 2156 sed
1655 2120 1832 2156 usitatum
1860 2125 1918 2157 est
1943 2121 2046 2157 verbi
2076 2119 2262 2168 simplicis

144 2173 294 2223 ἐγκαλῶ
319 2174 509 2212 notionem
530 2174 683 2219 habens,
709 2176 837 2225 „queri
867 2176 912 2215 de
938 2177 997 2215 vel
1022 2190 1103 2216 cum
1132 2178 1292 2227 aliqu0“.
1344 2177 1449 2223 Quod
1466 2182 1591 2217 tamen
1607 2178 1809 2217 Geversius
1836 2184 1948 2226 negat
1971 2178 2125 2228 ἐγκαλῶ
2148 2189 2260 2217 accu-

144 2237 266 2271 sativo
294 2245 422 2270 carere
448 2244 559 2281 posse
600 2239 819 2282 comparato
852 2235 935 2273 loco
972 2236 1034 2274 III.
1068 2240 1124 2274 19.
1160 2237 1274 2274 οὐδέν
1307 2252 1373 2286 μοι
1406 2239 1568 2275 πώποτε
1594 2238 1815 2275 ἐνεκάλεσεν
1850 2237 1985 2282 οὐδείς,
2022 2238 2261 2274 vehementer

145 2299 260 2336 errat,
285 2297 326 2330 ut
352 2291 555 2330 ostendunt
579 2291 680 2331 XIX.
718 2296 776 2332 55.
804 2293 928 2338 οὐδείς
967 2309 1034 2343 μοι
1072 2296 1308 2342 ἐνεκάλεσεν,
1347 2298 1409 2335 ubi
1448 2297 1784 2335 Rauchensteinius
1826 2298 1939 2335 οὐδὲν
1977 2297 2014 2334 in
2055 2296 2259 2334 editionem

143 2351 325 2388 insertum
352 2352 499 2389 Pertzio
526 2357 563 2388 et
588 2352 844 2399 Frobbergero
886 2355 1105 2392 auctoribus
1143 2356 1259 2399 delet,
1295 2355 1336 2393 V.
1363 2361 1397 2394 3.
1431 2352 1493 2394 ὅτι
1529 2358 1678 2406 Καλλίᾳ
1714 2357 1785 2404 μὲν
1825 2356 1949 2400 οὐδεὶς
1979 2357 2139 2394 πώποτε
2178 2352 2259 2392 οὔτ’

142 2409 296 2459 ἰδιώτης
321 2410 543 2449 ἐνεκάλεσεν
574 2410 664 2448 οὔτε
688 2409 900 2459 ἄρχωνΒΊ).
951 2412 1053 2449 Addi
1078 2413 1136 2450 his
1163 2413 1346 2461 exemplis
1371 2419 1499 2462 potest
1522 2413 1606 2452 XV.
1633 2417 1672 2457 5,
1704 2415 1766 2452 ubi
1794 2414 2011 2452 Marklandi
2038 2414 2260 2461 conjectura

142 2468 317 2515 ἐγκαλεῖν
341 2480 410 2517 pro
435 2469 641 2507 ἀνακαλεῖν
666 2474 824 2518 propter
851 2471 1118 2517 accusativum,
1153 2471 1216 2519 qui
1242 2471 1369 2517 deest,
1406 2472 1611 2518 rejicienda
1649 2483 1724 2509 non
1758 2479 1827 2512 est.
1856 2496 1899 2500 -
1925 2475 2154 2522 μέμψασθαι
2178 2481 2262 2516 τοῖς

322 2558 362 2597 ⁶³)
383 2558 564 2600 Fritzsche,
586 2569 614 2591 a.
637 2568 667 2591 a.
690 2558 728 2592 O.
748 2569 779 2600 p.
805 2561 851 2590 13.
896 2559 935 2591 ¹³⁴)
957 2559 1126 2599 Hfflscher,
1148 2568 1177 2590 a.
1200 2568 1228 2590 a.
1244 2558 1279 2591 Ο.
1298 2570 1328 2600 p¹
1351 2562 1400 2591 72.
1445 2560 1483 2599 ⁸⁵)
1506 2561 1655 2602 Scheibe,
1669 2563 1772 2603 praef.
1786 2563 1837 2595 ed.
1853 2573 1884 2603 p.
1901 2562 1972 2594 XX.
2017 2562 2056 2599 ⁸⁶)
2079 2561 2262 2603 Maeaner,

142 2609 192 2640 ed.
214 2609 389 2649 Antiphon.
411 2621 442 2650 p.
467 2613 533 2643 128.
579 2612 619 2650 θ’)
642 2611 858 2650 Frohberger,
880 2610 967 2642 XIX.
989 2611 1040 2641 55.
1064 2611 1217 2650 Anhang.

1061 2671 1065 2675 '
2055 2675 2073 2704 3
