2461 3078
1107 47 1354 82 -10-

154 152 303 191 divitiis
327 162 397 190 nec
422 151 554 189 amicis
590 162 660 189 nec
693 150 795 188 fama
831 162 900 189 nec
936 151 1011 188 ulla
1042 163 1082 189 re
1118 151 1274 188 inferior
1310 156 1404 191 erat.
1455 151 1642 190 Praebent
1675 151 1825 190 codices
1855 156 1934 190 tum
1971 152 2190 191 lectionem:
2224 153 2290 190 καὶ

153 217 281 250 ταῦτα
303 211 348 256 δ’,
373 205 437 250 ὅτι
461 210 562 259 πρὸς
585 209 679 255 τοὺς
711 211 957 254 τελευταίους
980 209 1129 259 ἔλεγεν,
1155 209 1222 255 οὓς
1257 208 1384 260 ᾤεσθε
1421 209 1652 259 ἀπαγγελεῖν
1681 209 1788 259 ἡμῖν,
1823 209 2028 249 κάνταῦθα
2063 214 2136 250 etc.
2149 241 2158 259 ,
2194 222 2288 260 quae

154 270 274 309 verba
305 272 509 318 corrupta,
546 272 590 307 ut
624 275 771 307 ceteras
809 274 1046 319 praeteream
1086 269 1345 318 conjecturas,
1386 269 1587 308 emendata
1623 277 1712 307 sunt
1748 269 1906 320 Sauppii
1944 274 1983 308 et
2020 269 2151 309 Cobeti
2193 282 2284 309 con-

148 328 324 377 jecturis,
349 338 446 377 quae
470 328 512 366 in
537 331 683 367 textum
709 327 888 366 editionis
914 339 937 365 a
962 328 1103 366 Cobeto
1138 333 1293 367 curatae
1318 333 1494 379 receptae
1526 331 1634 367 sunt:
1668 329 1733 366 καὶ
1757 334 1880 367 ταῦτα
1904 329 1950 374 ὅ,
1976 324 2043 368 ὅτε
2068 330 2168 378 πρὸς
2192 328 2287 373 τοὺς

153 389 400 431 τελευταίους
425 386 584 436 ἐλέγετε,
603 386 675 426 οὐκ
697 383 824 436 ᾤεσθε
849 398 920 435 pro
939 382 1002 425 ὅτι
1019 385 1147 435 ἔλεγεν
1173 386 1251 431 οὓς.
1303 388 1440 435 Agitur
1465 387 1535 424 hoc
1560 388 1642 424 loco
1668 398 1742 424 non
1762 386 1808 424 de
1828 387 1971 433 nuntio,
2008 389 2073 436 qui
2110 389 2278 425 oratoris

154 445 328 493 cognatis
353 456 432 482 rem
458 444 606 489 detulit,
631 444 680 482 ad
706 456 817 494 quem
840 443 1150 492 Gleinigerusu)
1177 457 1250 483 non
1280 450 1381 483 recte
1411 444 1585 483 codicum
1617 443 1779 482 lectione
1812 450 1965 483 servata
2000 445 2114 484 verba
2149 446 2279 491 refert,

155 504 224 543 sed
250 505 297 542 de
323 505 469 551 amicis,
496 506 559 554 qui
586 508 776 542 oratorem
805 503 1014 541 calumnias
1051 510 1089 541 et
1124 506 1326 542 maledicta
1359 516 1442 542 esse
1478 509 1745 552 percepturum
1783 515 1857 542 non
1889 505 2106 554 sperabant.
2160 504 2287 542 Verba

153 563 220 601 καὶ
253 567 379 602 ταῦτα
411 573 493 613 sqq.
524 574 608 601 cum
642 560 955 600 antecedentibus
991 561 1113 600 verbis
1142 574 1215 601 non
1243 562 1376 601 stricte
1403 562 1615 607 cohaerent,
1642 572 1762 611 neque
1783 561 1988 612 quidquam
2003 562 2203 609 invenitur,
2234 563 2283 601 ad

155 621 256 669 quod
280 622 511 670 pertineant.
566 621 728 658 Verbum
766 623 1034 666 τελευταίους,
1069 621 1169 670 quod
1205 622 1371 670 aliquam
1404 622 1520 658 habet
1548 620 1831 666 obscuritatem,
1864 626 2013 658 mutant
2038 622 2224 660 Franzius
2247 623 2294 658 in.

154 678 410 731 ἐπιτηδείους,
438 679 634 720 Scheibius
661 678 700 717 in
726 677 969 730 ἀναγκαίους,
996 680 1158 719 fortasse
1185 681 1386 731 opinantes
1413 679 1517 731 apud
1544 684 1724 729 cognatos
1750 685 1940 718 oratorem
1972 679 2170 720 calumniis
2206 693 2288 721 esse

152 738 345 778 affectum.
395 739 689 778 Concedendum
715 744 774 776 est
789 739 1003 783 Gleinigero
1032 741 1147 777 verba
1160 753 1242 778 esse
1264 742 1438 784 obscura,
1465 744 1504 777 et
1530 751 1665 776 nexum
1683 739 1957 776 sententiarum
1976 739 2173 778 clariorem
2200 741 2281 778 fieri

152 801 260 848 puto,
286 798 320 837 si
346 810 430 838 cum
455 797 619 843 Dobreo,
647 809 756 848 quem
785 797 956 848 sequitur
974 797 1320 846 BuermannusM),
1346 804 1535 837 mutamus
1554 798 1647 843 τοὺς
1673 798 1712 836 in
1738 797 1913 844 τούτους.
1963 797 2045 843 Qua
2070 800 2287 849 conjectura

152 858 322 907 probata
347 869 482 895 sensus
508 857 669 895 efficitur
695 857 777 895 bic:
802 856 889 894 «lam
918 862 1030 895 antea
1056 871 1113 895 me
1141 859 1378 896 sermonibus
1398 858 1563 896 sinistris
1595 859 1771 896 insectati
1798 857 1904 903 estis,
1928 857 1975 894 de
2001 859 2136 907 quibus
2158 862 2287 896 tamen

154 917 299 955 certior
316 917 440 955 factus
461 928 536 953 non
553 927 659 958 sum3
686 916 874 954 dicebatis
892 918 1011 955 cuivis
1029 917 1168 967 potius,
1190 929 1300 966 quam
1323 918 1447 963 alicui,
1466 917 1564 954 unde
1584 917 1792 954 calumnia-3
1810 916 2070 965 perciperem3
2095 907 2287 966 p'ostremo

154 986 216 1013 me
241 974 345 1025 apud
371 974 438 1014 hos
465 974 659 1016 criminati
685 974 790 1022 estis,
817 981 1028 1024 sperantes,
1064 976 1147 1014 illos
1175 989 1368 1015 sermones
1393 976 1442 1014 ad
1469 988 1528 1013 me
1556 975 1748 1013 delaturos
1774 986 1846 1012 non
1874 987 1969 1014 esse.
2024 975 2123 1014 ldem
2152 987 2285 1014 sensus

156 1034 331 1072 redditur
371 1034 512 1072 Pertzii
552 1033 794 1080 conjectura:
837 1031 904 1073 ὅτε
935 1036 1035 1083 πρὸς
1065 1037 1229 1079 τούτους
1254 1036 1412 1084 ἐλέγετε,
1442 1034 1510 1078 οὓς
1548 1031 1675 1083 ᾤεσθε
1702 1033 1875 1082 ἀγγελεῖν
1909 1034 2001 1084 ἡμῖν
2037 1036 2290 1087 τελευταίους.
2328 1078 2331 1080 ,

155 1091 257 1131 Socii
283 1092 394 1131 modo
420 1092 468 1131 iis
495 1092 711 1131 calumnias
737 1092 927 1140 dicebant,
954 1105 1048 1143 quos
1077 1094 1193 1132 altum
1215 1094 1405 1133 silentium
1432 1094 1654 1132 obtenturos
1680 1103 1762 1131 esse
1789 1094 2009 1143 sperabant.
2062 1094 2136 1133 Sed
2156 1099 2290 1133 contra

155 1152 323 1191 omnium
350 1152 565 1201 opinionem
593 1152 744 1190 exstitit
769 1154 937 1192 nuntius.
989 1154 1141 1191 Interim
1170 1154 1241 1191 huc
1267 1154 1355 1191 illuc
1373 1154 1645 1191 circumeuntes
1673 1165 1713 1189 se
1738 1152 1844 1200 ipsos
1870 1154 1964 1190 socii
1992 1153 2154 1200 querelis
2181 1153 2285 1190 defa-

155 1210 333 1259 tigabant
358 1209 404 1247 de
429 1209 604 1259 improbo
631 1221 687 1257 eo,
715 1211 778 1259 qui
805 1212 1015 1250 orationem
1043 1211 1171 1253 habet,
1197 1212 1252 1248 ita
1277 1218 1317 1249 ut
1343 1210 1468 1260 palam
1495 1211 1636 1248 oratori
1665 1210 1873 1248 amicitiam
1913 1221 1986 1247 non
2015 1211 2286 1258 renuntiarent,

154 1270 224 1309 sed
248 1268 453 1318 opprobrio
478 1269 526 1307 iis
553 1269 655 1307 facto
683 1269 809 1307 dice're
836 1271 980 1308 licitum
1007 1276 1118 1314 esset,
1144 1282 1183 1308 se
1206 1270 1286 1317 jam
1312 1271 1450 1317 egisse,
1483 1275 1525 1306 ut
1558 1277 1832 1313 removeretur,
1867 1280 1952 1307 cum
1988 1270 2047 1315 iis,
2074 1281 2168 1319 quos
2210 1282 2288 1307 rem

154 1339 241 1367 esse
268 1327 462 1366 delaturos
500 1339 588 1378 spes
622 1333 741 1375 esset,
777 1328 949 1378 querelas
986 1329 1237 1378 aperuissent.
1297 1327 1537 1368 Consuetudo
1572 1327 1688 1375 igitur
1719 1338 1801 1365 cum
1836 1328 2010 1378 improbo
2043 1328 2174 1366 habita
2212 1339 2286 1366 non

154 1387 253 1437 ipsis
277 1390 335 1425 est
361 1387 508 1437 culpae,
534 1388 603 1426 sed
629 1387 785 1431 oratori,
811 1388 874 1436 qui
901 1389 1073 1425 omnibus
1101 1388 1246 1426 artibus
1274 1389 1452 1426 adhibitis
1481 1388 1663 1425 removeri
1689 1399 1762 1424 non
1790 1393 1928 1435 potest.
1957 1410 2001 1415 —

332 1444 488 1484 Transit
513 1458 574 1484 res
601 1451 680 1484 tum
708 1446 757 1483 ad
785 1446 955 1483 nuntium
983 1450 1006 1494 ξ
1034 1451 1056 1483 8
1083 1449 1172 1496 περὶ
1197 1448 1268 1495 μὲν
1294 1445 1365 1485 οὖν
1390 1453 1461 1484 τοῦ
1487 1447 1679 1495 λέγοντος,
1712 1445 1758 1482 de
1786 1457 1858 1495 quo
1885 1453 1927 1483 ut
1957 1446 2004 1483 de
2032 1446 2168 1484 ceteris
2202 1457 2287 1495 per-

157 1504 264 1541 sonis
302 1507 325 1551 ἓ
352 1504 410 1542 10.
440 1506 497 1542 1‘2.
531 1504 583 1542 13.
616 1507 670 1544 14.
702 1508 757 1543 15.
790 1516 859 1542 nec
885 1505 955 1543 hoc
980 1517 1049 1543 nec
1074 1506 1147 1542 alio
1172 1507 1254 1544 loco
1280 1510 1386 1544 certa
1411 1506 1550 1543 mentio
1576 1505 1679 1542 facta
1706 1510 1775 1543 est.
1826 1503 1983 1548 Quidam
2016 1515 2063 1541 ex
2095 1505 2226 1542 amicis
2253 1510 2290 1541 et

157 1562 285 1606 sociis,
311 1563 375 1611 qui
402 1575 595 1602 sermones
623 1564 780 1612 audivit,
814 1564 898 1613 ipse
925 1565 1091 1604 oratoris
1125 1571 1306 1612 cognatos
1341 1564 1386 1603 de
1426 1565 1632 1603 amicorum
1665 1564 1825 1613 perfidia
1861 1564 2042 1602 certiores
2081 1564 2196 1610 facit,
2228 1569 2291 1612 qui

156 1620 302 1658 oratori
327 1620 404 1670 ipsi
430 1633 509 1658 rem
536 1622 785 1671 patefaciunt.
837 1621 919 1660 Hoc
946 1623 1057 1660 modo
1084 1629 1185 1661 certe
1211 1636 1271 1661 res
1298 1635 1380 1661 sese
1410 1623 1605 1666 habetur
1659 1622 1697 1659 ln
1725 1622 1898 1658 oratione
1926 1634 1985 1659 res
2008 1622 2098 1660 haec
2126 1622 2291 1659 breviter

157 1691 276 1729 neque
301 1680 398 1718 satis
423 1679 551 1719 lucide
578 1681 684 1719 dicta
709 1687 781 1720 est.
836 1681 963 1720 Verba
989 1684 1087 1721 enim
1124 1686 1147 1730 ξ
1174 1685 1209 1722 9.
1237 1682 1284 1721 οὐ
1308 1683 1381 1732 γὰρ
1406 1682 1470 1721 ἐπὶ
1495 1689 1577 1726 τοῖς
1602 1679 1734 1725 αὐτοῖς
1759 1680 1907 1725 ἐκεῖνος
1941 1680 2031 1732 ἡμῖν
2056 1680 2293 1731 ἀπήγγελλεν

157 1739 428 1778 contradicunt
452 1741 591 1786 verbis,
617 1752 713 1789 quae
740 1746 951 1790 sequuntur
976 1742 998 1791 ξ
1023 1744 1058 1780 9.
1086 1743 1233 1786 ἐκεῖνος
1256 1743 1327 1790 μὲν
1360 1741 1433 1789 γὰρ
1459 1741 1544 1789 ἐμοὶ
1574 1741 1825 1789 χαριζόμενος
1850 1740 2052 1790 ἀπήγγειλε
2083 1749 2165 1785 τοῖς
2187 1741 2291 1789 ἐμοῖς

153 1796 378 1847 ἀναγκαίοις
403 1803 442 1837 et
469 1799 594 1837 verbis
617 1799 639 1849 ξ
675 1801 714 1837 13
741 1798 876 1838 ἔπειτα
900 1801 1038 1850 κέρδος
1062 1799 1110 1851 ἦν
1136 1800 1242 1850 αὐτῷ
1260 1802 1480 1847 διαβάλλειν
1499 1799 1562 1848 ἐμὲ
1581 1800 1680 1848 πρὸς
1702 1797 1798 1848 ὑμᾶς
1816 1798 1921 1838 οὕτω
1937 1801 2162 1849 προθύμως,
2193 1797 2291 1838 ὥστε

153 1858 368 1896 σπουδάσω
395 1859 496 1905 πρὸς
520 1858 612 1902 τοὺς
637 1858 752 1906 ἐμοὺς
778 1857 1010 1907 ἀναγκαίους
1043 1861 1265 1898 πλάσασθαι
1290 1866 1433 1903 fafiton,-
1455 1859 1529 1903 ubi,
1552 1864 1696 1906 quanta
1714 1859 1746 1894 ei
1770 1859 1820 1895 sit
1837 1858 2011 1895 habenda
2029 1858 2134 1903 fides,
2156 1859 2290 1904 agitur,

152 1914 248 1952 Cum
275 1915 449 1953 nuntium
474 1919 513 1953 et
540 1916 684 1954 oratori
711 1920 750 1954 et
785 1916 866 1964 ejus
893 1918 1064 1965 cognatis
1099 1919 1296 1968 aperuisse
1335 1917 1543 1956 calumnias
1575 1928 1643 1965 per
1678 1928 1718 1954 se
1757 1928 1829 1954 non
1866 1916 2067 1955 verisimile
2094 1916 2144 1954 sit
2171 1926 2290 1964 neque

156 1973 197 2011 in
235 1974 407 2019 oratione
435 1974 608 2021 dicatur,
651 1980 787 2023 putare
820 1987 1021 2025 possumus
1060 1983 1248 2014 oratorem
1293 1989 1361 2026 per
1394 1981 1576 2022 cognatos
1608 1987 1696 2012 suos
1729 1977 1927 2013 certiorem
1956 1987 2039 2012 esse
2067 1975 2289 2015 factum-'’⁶).

157 2030 267 2071 Hunc
293 2033 466 2071 nuntium
501 2037 633 2072 orator
659 2034 773 2072 sociis
811 2034 1117 2074 denuntiaturum
1153 2048 1193 2074 se
1220 2047 1303 2073 esse
1332 2040 1455 2083 negat,
1481 2046 1564 2073 cum
1592 2038 1631 2072 et
1656 2034 1767 2073 amici
1794 2034 1878 2084 ipsi,
1905 2034 1967 2083 qui
1995 2045 2078 2073 cum
2106 2044 2149 2071 eo
2176 2032 2291 2071 verba

154 2092 326 2140 fecerint,
347 2093 425 2141 Jam
452 2105 537 2131 eum
565 2094 824 2141 cognoverint,
852 2107 970 2144 neque
999 2101 1128 2134 orator
1154 2108 1237 2134 cum
1264 2095 1327 2134 illo
1355 2097 1409 2133 ita
1435 2095 1485 2133 sit
1516 2099 1670 2133 acturus
1697 2100 1738 2131 ut
1765 2094 1827 2132 ille
1853 2106 1935 2132 cum
1963 2094 2096 2131 amicis
2122 2093 2289 2143 perfidis.

156 2151 299 2190 Orator
323 2152 423 2190 enim
450 2163 525 2190 non
552 2153 620 2191 has
648 2153 933 2192 benevolentiae
958 2155 1100 2203 gratias
1127 2167 1238 2203 agere
1266 2156 1357 2204 vult,
1382 2167 1465 2193 cum
1494 2154 1646 2191 nuntius
1670 2166 1744 2191 non
1772 2154 1901 2192 eodem
1928 2155 2053 2192 animo
2082 2165 2160 2191 rem
2181 2156 2287 2202 pate-

156 2210 303 2258 fecerit,
329 2223 401 2261 quo
429 2212 542 2250 amici
567 2212 602 2249 ei
629 2213 829 2257 dixerunt;
856 2215 949 2252 socii
976 2214 1102 2252 studio
1129 2215 1301 2252 laedendi
1327 2214 1418 2252 moti
1451 2224 1642 2251 sermones
1679 2212 1764 2250 huic
1800 2213 1996 2258 dixerunt,
2031 2225 2108 2250 rem
2136 2212 2289 2250 nuntius

158 2269 362 2308 benevolus
391 2272 618 2310 necessariis
647 2272 789 2311 retulit.
841 2273 898 2311 Ac
926 2285 970 2310 ea
997 2273 1159 2321 quidem,
1187 2286 1282 2322 quae
1311 2274 1485 2311 nuntiata
1511 2278 1612 2316 sunt,
1641 2278 1770 2309 orator
1805 2284 1875 2321 pro
1903 2274 2002 2310 veris
2038 2272 2170 2317 habet,
2206 2282 2289 2308 cum

157 2329 378 2378 praesentia
401 2329 457 2368 ita
482 2330 688 2369 concinant
715 2343 800 2369 cum
831 2332 943 2370 rebus
974 2336 1089 2369 antea
1109 2332 1236 2379 gestis,
1263 2337 1305 2370 ut
1332 2331 1397 2369 illa
1420 2331 1489 2376 his,
1518 2331 1609 2369 haec
1634 2331 1709 2369 illis
1734 2332 1830 2369 satis
1856 2331 1960 2369 firme
1987 2330 2290 2380 comprobentur.

157 2388 216 2425 Ac
241 2388 428 2426 nuntiatis
456 2389 631 2427 diffidens
660 2395 790 2427 orator
817 2390 930 2427 facile
958 2403 1116 2436 arguere
1144 2392 1280 2439 potuit,
1308 2395 1450 2439 quanta
1477 2395 1579 2427 esset
1604 2391 1695 2427 fides
1723 2391 1907 2429 habenda.
1934 2412 1979 2416 ——

337 2445 475 2498 Incipit
493 2448 623 2486 statim
643 2452 776 2487 orator
804 2460 882 2486 rem
903 2453 1016 2487 antea
1042 2455 1186 2497 gestam
1205 2455 1242 2488 et
1263 2449 1348 2489 huic
1369 2450 1508 2488 actioni
1537 2460 1799 2498 praegressam
1822 2462 1992 2496 narrare,
2016 2460 2111 2497 quae
2126 2446 2289 2496 quidem,

157 2510 201 2543 ut
227 2516 274 2542 ex
304 2506 476 2543 oratione
503 2507 728 2544 concludere
754 2519 969 2556 possumus,
996 2513 1055 2545 est
1082 2509 1191 2545 haec:
1230 2509 1398 2557 Polycles
1426 2508 1590 2557 quidam,
1617 2509 1681 2556 qui
1708 2520 1783 2544 non
1810 2513 1870 2545 est
1895 2520 1942 2545 ex
1967 2508 2130 2543 oratoris
2157 2507 2288 2544 amicis

336 2586 373 2625 ⁵⁸)
394 2594 423 2617 a.
447 2595 477 2617 a.
502 2585 539 2618 Ο.
562 2596 592 2627 p,
619 2588 687 2619 16⁷3.
731 2588 771 2627 ⁵⁴)
794 2598 823 2620 a.
847 2597 876 2619 a.
899 2586 934 2619 O.
959 2597 993 2627 p.
1012 2589 1082 2618 357.
1127 2588 1163 2626 ⁵⁵)
1187 2588 1382 2628 Buermann,
1404 2597 1433 2619 a.
1458 2597 1477 2619 a
1512 2587 1547 2619 Ο.
1573 2589 1686 2628 p.858.
1733 2589 1770 2627 ⁵⁶)
1794 2588 1935 2627 Stutzer,
1959 2597 1987 2618 a.
2013 2596 2039 2617 a⁴
2067 2585 2102 2617 O.
2125 2596 2156 2626 p.
2178 2587 2247 2618 530.
