2461 3078
179 163 347 203 locutum
374 175 469 208 esse,
484 161 764 209 Scheibius‘12),
790 161 855 212 qui
880 169 1035 201 auctore
1063 162 1332 209 Benselero⁷³)
1360 163 1529 201 defendit
1551 162 1797 209 εὐνοοῦντες,
1824 176 1898 204 non
1918 166 2233 214 rectehomparat
2248 164 2298 202 ad

180 223 279 262 hunc
303 223 426 262 locum
455 221 631 271 Sophocl.
663 220 762 268 Ajax
789 223 861 260 689
886 221 1035 260 εὐνοεῖν
1059 224 1091 261 δ’
1117 221 1207 272 ὑμῖν
1231 222 1308 272 ἅμα
1335 228 1373 259 et
1391 222 1586 271 Aristoph.
1603 222 1698 261 Nub.
1720 227 1826 261 1411.
1876 223 1925 261 οὐ
1939 222 2038 272 κάμέ
2059 235 2121 262 σοι
2146 225 2299 263 δίκαιόν

180 281 287 321 ἐστιν
297 280 502 321 εὐνοοῦνθ*
531 279 675 332 ὁμοίως
698 279 860 319 τύπτειν
883 285 920 319 et
943 279 1116 332 Xenoph.
1142 282 1280 333 Cyrop.
1309 280 1406 321 VIII.
1432 286 1466 321 2.
1493 285 1524 328 1,
1551 292 1634 320 cum
1658 285 1794 331 poetae
1819 281 1890 321 huc
1908 281 2093 321 referendi
2114 293 2189 321 non
2209 282 2297 329 sint,

181 346 220 379 et
243 341 454 391 Xenophon
479 352 568 378 vero
594 345 632 378 et
658 340 774 378 attico
801 351 973 378 sermone
986 353 1072 382 ,non
1099 346 1240 380 utatur.
1291 342 1363 379 Sed
1382 342 1493 378 verbo
1512 340 1659 379 εὐνοεῖν
1677 341 1869 379 rarissime
1888 342 1990 391 apud
2007 342 2161 380 Atticos
2183 354 2293 379 usur-

180 403 271 450 pato
300 400 363 439 vix
388 398 574 439 declarari
620 402 770 450 potest,
804 398 992 448 quomodo
1025 399 1164 438 factum
1199 400 1268 446 sit,
1300 405 1343 439 ut
1375 399 1617 450 participium
1648 400 1872 446 εὐνοοῦντες
1901 404 2083 440 servetur.
2133 400 2295 450 Propter

184 458 468 497 similitudinem
491 460 689 502 verborum
712 458 824 496 facile
848 458 929 495 fieri
946 459 1080 506 potuit,
1098 466 1140 495 ut
1160 460 1453 497 confunderetur
1475 458 1698 503 εὐνοοῦντες
1717 459 1840 497 verbis
1856 458 1962 497 εὖνοι
1979 459 2099 502 ὄντες.
2138 459 2296 496 Rectum

183 515 301 565 igitur
325 520 385 555 est
408 516 460 565 id,
486 516 584 568 quod
611 517 773 557 Cobetus
800 516 996 565 cognovit;
1021 516 1173 567 ejusque
1193 517 1410 566 conjectura
1435 521 1535 555 esset
1554 516 1761 566 probanda,
1787 517 1819 556 si
1845 517 1965 555 oratio
1992 522 2094 556 esset
2117 517 2295 567 Lysiaca.

180 575 284 620 Loci,
311 586 405 624 quos
432 576 542 615 affert
566 576 750 618 Blassius,
785 576 847 624 qui
875 574 1035 612 doceant
1061 578 1173 614 verba
1198 588 1281 613 esse
1307 575 1464 614 confusa
1494 579 1531 612 et
1564 580 1736 613 contorta
1769 576 1815 613 ad
1851 576 2033 614 vocalium
2065 587 2292 613 concursum

180 633 397 672 evitandum
423 634 446 685 ξ
473 638 492 673 1
519 636 608 684 περὶ
634 630 691 673 ὦν
725 633 849 672 εἰπεῖν
885 633 1101 684 ἐβουλόμην
1135 635 1252 672 πάλαι
1285 645 1354 683 pro
1390 633 1530 671 usitato
1566 634 1763 671 verborum
1798 634 1929 672 ordine
1960 636 2051 683 περὶ
2083 629 2140 672 ὧν
2176 634 2296 672 πάλαι

179 691 396 742 ἐβουλόμην
420 694 544 732 εἰπεῖν
568 698 607 731 et
631 693 654 743 ξ
682 696 739 730 12.
765 693 804 729 τί
827 705 874 739 με
900 693 960 730 δεῑ
980 693 1249 741 φανερώτερον
1279 693 1488 740 ἐξελέγχειν
1522 691 1580 729 ἔτι
1610 703 1678 740 pro
1711 691 1769 729 ἔτι
1800 693 2071 741 φανερώτερον
2105 704 2181 729 non
2214 693 2291 729 suf-

178 749 307 789 ficiunt
342 750 391 789 ad
427 751 652 791 sententiam
684 750 933 801 probandam.
985 751 1138 790 Praeter
1164 752 1248 790 illos
1282 752 1384 789 locos
1418 750 1616 788 verborum
1643 754 1836 788 structura
1861 750 2057 789 offensioni
2095 754 2156 789 est
2185 750 2208 800 ξ
2237 754 2294 789 16.

178 809 359 854 τοιαύτας
383 811 595 859 προφάσεις
618 810 947 859 προφασιζόμενοι
966 811 1056 848 τότε
1080 811 1149 859 μὲν
1174 811 1216 848 ἐκ
1241 818 1308 860 τῆς
1333 810 1423 860 ε’μῆς
1447 810 1512 846 καὶ
1530 810 1781 857 Θρασυμάχου
1806 812 2007 853 συνουσίας
2019 810 2104 848 ἐστὲ
2118 811 2291 858 φανεροί.

180 866 203 918 ξ
229 871 263 907 9.
288 870 353 907 καὶ
374 868 459 918 ἐμοὶ
477 878 611 920 σημεῖα
628 876 751 909 ταῦτα
775 871 848 920 μὲν
864 870 1024 909 ἐκείνων
1048 870 1162 915 ἐστίν,
1186 870 1312 908 ἐκεῖνα
1337 870 1377 908 δὲ
1415 870 1568 907 τούτων
1596 867 1721 907 ἱκανά.
1770 868 1793 918 ξ
1821 873 1878 907 14.
1917 872 2066 907 πολλοῦ
2103 869 2177 918 γὰρ
2213 870 2294 907 δεῖν

183 925 256 977 ἔφη
279 928 316 965 δί
354 926 537 967 ὁντινοῦν
575 929 767 980 εἰρηκέναι
804 930 1003 979 Διόδωρον
1038 934 1176 972 κακῶς.
1227 931 1249 974 ἓ
1276 933 1310 967 2.
1341 936 1424 973 τοῖς
1458 929 1498 966 δὲ
1532 929 1744 977 βουλοίμην
1775 926 1824 964 ἄν
1858 928 1966 975 δόξαι
1995 930 2113 977 μηδὲν
2149 927 2296 966 ἀδικῶν

180 987 346 1033 τούτους
377 986 456 1027 ὑπὸ
490 989 644 1027 τούτων
668 987 885 1027 ἀδικεῖσθαι
910 990 1114 1038 πρότερον.
1163 989 1237 1027 Cur
1264 988 1460 1026 verborum
1486 987 1578 1025 ordo
1605 987 1655 1025 sit
1681 990 1860 1032 mutatus,
1887 986 2037 1025 difficile
2063 994 2121 1026 est
2146 988 2294 1035 dicere;

179 1043 341 1083 fortasse
369 1046 498 1083 rhetor
520 1046 710 1085 industria
734 1048 773 1085 id
800 1048 887 1095 egit,
914 1053 955 1085 ut
980 1048 1078 1086 ictus
1105 1051 1141 1084 et
1165 1059 1227 1084 ars
1254 1047 1436 1096 quaedam
1463 1046 1652 1084 rhetorica
1678 1047 1859 1083 existeret
1884 1045 2120 1091 (Fritzsche).

356 1104 601 1144 Inveniuntur
627 1106 771 1154 majora
796 1112 1030 1153 argumenta,
1067 1118 1161 1155 quae
1193 1106 1410 1152 ostendant,
1445 1106 1650 1143 orationem
1678 1105 1815 1154 Lysiae
1847 1104 1943 1143 falso
1979 1117 2061 1142 esse
2096 1104 2293 1143 tributam.

179 1161 317 1201 Tenuis
332 1168 391 1201 est
409 1164 543 1213 Lysias
557 1166 682 1204 verbis
696 1170 734 1203 et
748 1165 873 1202 brevis
885 1168 954 1210 ¹⁴).
997 1163 1114 1208 Quam
1131 1165 1347 1202 brevitatem
1363 1176 1477 1213 saepe
1494 1168 1552 1201 est
1566 1168 1762 1202 assecutus
1789 1163 2039 1202 antithesibus
2056 1167 2126 1210 ⁷⁵),
2156 1164 2289 1213 quibus

178 1220 218 1259 in
243 1222 321 1260 fere
347 1224 520 1262 omnibus
549 1224 783 1262 orationibus
807 1223 967 1261 libenter
994 1223 1121 1269 utitur,
1148 1223 1215 1261 sed
1241 1224 1389 1261 modum
1417 1225 1471 1261 ita
1496 1228 1610 1269 tenet,
1635 1228 1674 1260 ut
1700 1223 1833 1267 oratio,
1860 1234 1971 1271 qnam
1993 1222 2160 1260 videmus
2188 1222 2287 1259 anti·

180 1279 351 1319 thesibus
386 1287 649 1320 coacervatam
677 1288 715 1320 et
745 1282 971 1320 cumulatam
1006 1283 1233 1330 suspicionis
1259 1283 1437 1321 indicium
1461 1283 1545 1330 jure
1571 1282 1763 1331 praebeat.
1814 1281 2005 1326 Eroticus,
2040 1282 2103 1330 qui
2135 1281 2294 1330 opponit

180 1342 368 1379 amantem
390 1352 464 1380 non
480 1334 635 1389 amanti,
663 1341 728 1381 has
752 1342 890 1390 figuras
911 1340 995 1390 jure
1015 1341 1171 1391 praebet
1199 1341 1346 1386 multas,
1373 1346 1410 1380 et
1434 1341 1672 1392 Epitaphius,
1698 1340 1762 1390 qui
1788 1340 1833 1378 ab
1853 1340 2025 1379 omnibus
2052 1341 2143 1380 viris
2169 1341 2292 1379 doctis

180 1409 203 1435 a
224 1399 343 1447 Lysia
361 1401 600 1447 abjudicatus
625 1406 695 1439 est.
747 1401 916 1448 Simplex
941 1401 1076 1448 Lysiae
1094 1401 1280 1446 elegantia
1307 1402 1475 1437 rhetores
1501 1402 1556 1437 ita
1581 1400 1774 1445 excitavit,
1800 1406 1841 1436 ut
1863 1401 1932 1437 hoc
1949 1400 2074 1436 studio
2094 1405 2291 1447 perspecto

178 1467 252 1495 non
283 1458 393 1497 modo
418 1458 659 1498 imitarentur
685 1458 752 1498 sed
776 1458 1020 1499 aemularent.
1071 1459 1286 1499 Orationem
1309 1464 1479 1498 octavam
1505 1458 1574 1498 hoc
1601 1459 1836 1498 antitheseon
1863 1470 1997 1506 genere
2024 1458 2143 1507 magis
2180 1469 2292 1507 quam

178 1520 325 1555 ceteras
351 1518 543 1556 orationes
583 1518 774 1556 abundare
801 1531 919 1567 neque
945 1520 1141 1567 quisquam
1174 1519 1348 1566 negabit,
1385 1531 1466 1556 cum
1494 1519 1634 1556 nullum
1661 1520 1744 1556 fere‘
1763 1519 1811 1555 sit
1838 1519 2084 1559 enuntiatum.
2110 1518 2169 1555 cui
2195 1518 2293 1554 anti-

177 1574 295 1614 thesis
320 1575 431 1616 desit.
492 1576 514 1628 ξ
542 1581 574 1617 1.
600 1578 753 1627 πάρεισι
777 1578 848 1627 μὲν
871 1600 922 1605 -
945 1579 1098 1627 πάρεισι
1122 1579 1173 1617 δὲ.
1223 1578 1314 1623 τοὺς
1339 1578 1409 1628 μὲν
1429 1577 1500 1628 γὰρ
1525 1600 1574 1605 -
1593 1586 1675 1624 τοῖς
1705 1578 1746 1616 δὲ
1765 1579 1985 1628 βουλοίμην.
2036 1576 2106 1628 ξ2.
2132 1575 2295 1624 ἀνιαρὸν

176 1636 247 1682 μὲν
279 1659 328 1664 -
362 1637 556 1675 ἀδύνατον
589 1639 640 1675 δὲ.
691 1638 783 1680 τοὺς
819 1639 1031 1681 δοκοῦντας
1062 1637 1158 1675 εἶναι
1186 1641 1323 1684 φίλους
1348 1660 1397 1664 -
1423 1639 1661 1682 ἀδικοῦντας.
1710 1638 1732 1686 ξ
1759 1643 1792 1675 3.
1818 1637 1982 1686 ἀκήκοεν
2006 1659 2055 1663 -
2080 1638 2294 1674 πέπονθεν.

176 1692 226 1731 τὰ
257 1694 329 1743 μὲν
353 1696 478 1745 λέγειν
509 1718 559 1723 -
594 1695 643 1734 τὰ
676 1696 717 1734 δὲ
751 1703 890 1734 ποιεῖν.
937 1695 958 1746 §
984 1700 1020 1735 4.
1045 1697 1145 1746 πρὸς
1169 1697 1332 1742 τούτους
1357 1696 1451 1747 ἡμᾶς
1476 1720 1525 1724 -
1551 1696 1617 1742 οὓς
1642 1698 1739 1745 πρὸς
1759 1695 1854 1746 ἡμᾶς
1878 1694 2028 1739 αὐτοὺς.
2055 1694 2076 1744 ξ
2103 1699 2137 1734 5.
2164 1695 2293 1733 οἴεσθε

173 1753 244 1800 μὲν
268 1775 318 1781 —-
340 1753 575 1803 ἀποφαίνετε
608 1757 659 1794 δὲ.
711 1756 839 1807 λάθρᾳ
863 1756 933 1804 μὲν
957 1777 1007 1782 -
1032 1762 1207 1804 φανερῶς
1244 1758 1295 1794 δὲ.
1344 1756 1366 1806 ξ
1393 1761 1426 1795 6.
1462 1756 1484 1805 ἢ
1518 1758 1569 1806 μὴ
1601 1762 1728 1801 κακῶς
1764 1756 1887 1803 λέγειν
1919 1777 1968 1782 -
1994 1755 2016 1804 ἢ
2038 1756 2090 1803 μὴ
2114 1759 2294 1801 ξυνεῖναι.

175 1811 333 1862 αἰσχρὸν
345 1812 499 1864 ἡγεῖσθε
522 1837 572 1842 -
595 1821 680 1861 πῶς
692 1815 850 1864 αἰσχρὸν
868 1813 925 1865 ἧν.
976 1815 1048 1865 ξ’ἵ.
1070 1815 1159 1854 οὔτε
1184 1816 1255 1865 γὰρ
1282 1814 1377 1865 ὑμᾶς
1403 1818 1651 1863 σοφωτάτους
1677 1838 1726 1842 -
1752 1815 1918 1864 ἐμαυτὸν
1948 1816 1980 1852 δ’
2012 1813 2294 1863 ἀμαθέστατον.

178 1870 267 1908 οὐδὲ
291 1876 532 1919 πολυφίλους
557 1873 653 1921 ὑμᾶς
676 1897 725 1901 -
750 1875 918 1922 ἐμαυτὸν
943 1876 974 1911 δ’
1002 1874 1144 1922 ἔρημον
1168 1878 1304 1921 φίλων.
1355 1874 1450 1922 ὑμᾶς
1474 1877 1543 1922 μὲν
1576 1879 1841 1916 πλουτοῦντας
1865 1896 1914 1901 -
1940 1887 1986 1910 ex
2014 1874 2176 1911 Scheibii
2204 1885 2292 1909 con-

171 1927 320 1976 jectura
344 1952 392 1958 —
417 1930 481 1980 ἐμὲ
508 1932 548 1970 δὲ
572 1933 800 1982 πενόμενον.
851 1932 929 1971 οὐδ’
955 1931 1002 1971 αὖ
1027 1930 1123 1981 ὑμᾶς
1145 1934 1215 1981 μὲν
1238 1932 1634 1982 ὑπερευδοκιμοῦντας
1658 1957 1707 1962 -
1731 1933 1898 1982 ἐμαυτὸν
1923 1934 1963 1971 δὲ
1986 1933 2294 1981 διαβεβλημένον.

174 1987 223 2023 τὰ
258 1989 329 2034 μὲν
353 1988 424 2035 ἐμὰ
448 1991 654 2037 πράγματα
679 1993 957 2028 κινδυνεύοντα
982 2014 1031 2018 -
1056 1993 1103 2029 τά
1130 1990 1327 2039 δ’ὑμέτερα
1353 1992 1531 2039 ἀσφαλῶς
1555 1992 1701 2039 ἔχοντα.
1751 1992 1773 2040 ξ
1800 1996 1834 2029 9.
1861 1992 2008 2034 ἐκεῖνος
2032 1992 2104 2038 μὲν
2121 2012 2170 2017 —-
2191 1988 2296 2036 ὑμεῖς

177 2044 228 2082 δὲ.
263 2045 347 2094 ἐμοὶ
358 2048 606 2096 χαριζόμενος
620 2071 667 2075 —
681 2046 785 2097 ὑμεῖς
801 2050 841 2087 δὲ
855 2051 1041 2095 βλάπτειν
1070 2050 1133 2098 ἐμὲ
1147 2051 1385 2098 βουλόμενοι.
1423 2057 1544 2087 ταῦτα
1563 2052 1633 2099 μὲν
1653 2050 1814 2088 ἐκείνων
1838 2072 1887 2076 -
1912 2049 2040 2086 ἐκεῖνα
2064 2051 2104 2087 δὲ
2131 2050 2293 2086 τούτων.

177 2102 200 2153 ξ
220 2108 277 2144 11.
298 2105 373 2154 ἐγὼ
390 2106 460 2155 μὲν
484 2130 534 2135 —
559 2107 596 2146 οἱ
614 2109 665 2145 δὲ.
705 2106 776 2145 οὐκ
794 2105 1061 2157 ἅντέλεγον-
1086 2107 1168 2147 ἄλλ’
1198 2107 1476 2157 ἀντέπραττον.
1527 2109 1548 2158 ξ
1577 2115 1633 2148 13.
1659 2111 1759 2158 πρὸς
1778 2108 1873 2158 ὑμᾶς
1889 2132 1939 2136 -
1956 2111 2055 2157 πρὸς
2069 2109 2159 2151 τοὺς
2181 2109 2293 2155 ἐμοὺς

176 2159 418 2212 ἀναγκαίους.
468 2165 490 2216 ξ
519 2170 575 2205 14.
602 2166 676 2216 ἐγὼ
700 2167 770 2216 μὲν
794 2189 843 2194 —-
880 2166 901 2205 ὁ
936 2169 987 2206 δὲ.
1037 2168 1059 2219 ξ
1087 2172 1143 2207 15.
1174 2165 1263 2206 οὔτε
1289 2167 1450 2207 ἀκοῦσαι
1474 2189 1521 2194 -
1548 2166 1637 2207 οὔτε
1655 2166 1881 2219 ἀπαγγεῖλαι
1904 2190 1953 2195 -
1971 2167 2060 2207 οὐδὲ
2076 2168 2292 2216 διειλέχθαι.

178 2225 199 2269 ἓ
227 2228 284 2263 16.
320 2226 410 2263 τότε
445 2228 516 2274 μὲν
540 2250 589 2255 —
614 2234 685 2265 νῦν
719 2229 770 2265 δὲ.
821 2231 843 2274 ξ
873 2232 929 2266 18.
956 2226 1043 2266 α’ντὶ
1068 2230 1139 2277 μὲν
1153 2236 1223 2266 τοῦ
1242 2231 1429 2277 λέγειν-
1456 2226 1543 2267 ἀντὶ
1574 2231 1614 2267 δὲ
1643 2236 1714 2267 τοῦ
1743 2233 1914 2279 βοηθεῖν.
1966 2232 1988 2275 ξ
2018 2234 2076 2267 20.
2103 2228 2193 2266 τοὺς
2222 2229 2291 2274 μὲν

177 2282 249 2333 γὰρ
266 2285 488 2334 χρωμένους
504 2307 553 2312 ——
577 2291 658 2324 τῶν
680 2287 791 2337 δὲμὴ
813 2288 1033 2337 χρωμένων.
1084 2287 1234 2336 Lysiam
1264 2293 1350 2325 ante
1376 2288 1595 2326 anarchiam
1632 2288 1739 2337 longe
1775 2289 1886 2326 aliam
1914 2288 2074 2327 coluisse
2113 2286 2288 2335 eloquen-

174 2342 266 2379 tiam
301 2356 384 2380 cum
411 2345 448 2381 in
475 2344 603 2382 Sicilia
639 2351 677 2382 et
709 2346 820 2384 ltalia
856 2347 1019 2384 disceret
1053 2349 1124 2384 τὸν
1162 2347 1266 2396 ἥττω
1300 2349 1418 2396 λόγον
1451 2350 1615 2395 κρείττω
1648 2357 1776 2385 ποιεῖν
1810 2355 1846 2384 et
1873 2348 2124 2395 sophistarum
2163 2350 2291 2381 castra

175 2406 404 2451 sequeretur,
440 2415 508 2454 per
538 2416 577 2442 se
609 2404 803 2454 probabile
835 2409 904 2444 est.
956 2404 1030 2443 Sed
1060 2404 1210 2455 Lysiam
1247 2407 1454 2445 antitheses
1491 2408 1546 2445 ita
1574 2407 1773 2446 adamasse
1804 2407 1989 2455 juvenem,
2025 2411 2065 2443 ut
2090 2405 2152 2442 vix
2179 2416 2289 2442 unum

175 2462 410 2499 enuntiatum
438 2475 482 2500 ea
509 2468 648 2510 careat,
673 2465 737 2501 vix
764 2465 864 2502 credi
891 2470 1029 2513 potest.

350 2549 390 2587 ⁷²)
413 2548 595 2589 Scheibins,
617 2549 668 2580 ed.
690 2549 796 2589 praef.
817 2558 847 2588 p.
870 2547 974 2578 XXII.
1019 2548 1058 2585 ⁷³)
1080 2548 1250 2588 Benseler,
1272 2559 1300 2580 u.
1316 2558 1345 2579 a.
1359 2548 1395 2580 Ο.
1417 2559 1447 2589 p.
1464 2550 1528 2580 183.
1574 2548 1613 2583 ⁷⁴)
1636 2548 1806 2588 Holscher,
1828 2558 1855 2579 u⁴
1879 2557 1907 2578 a.
1925 2546 1959 2578 O.
1982 2557 2002 2586 p
2036 2547 2084 2576 32.
2128 2545 2167 2582 ⁷⁵)
2192 2545 2288 2575 Phot.

180 2607 250 2639 cod.
272 2609 342 2640 262.
366 2599 505 2648 ἰδίωμα
531 2601 572 2639 δὲ
598 2602 747 2639 Λυσίου
774 2601 839 2638 καὶ
864 2600 909 2638 τὸ
934 2598 1002 2643 τὰς
1028 2596 1245 2645 α’ντιθέσεις
1270 2602 1464 2649 προάγειν.
