2461 3078
1123 115 1346 149 —.4-.

146 228 221 269 pro
235 211 364 264 οὗτος,
388 216 453 256 ubi
477 220 610 257 orator
626 216 748 266 digito
772 216 833 256 vel
858 217 980 257 oculis
1001 217 1177 268 aliquem,
1196 217 1244 256 de
1271 228 1344 268 quo
1372 228 1434 256 res
1449 217 1588 267 agitur,
1611 219 1846 269 designav).
1895 219 2096 272 Spengelio
2110 221 2146 264 ⁸)
2171 218 2295 257 oratio

146 280 309 327 propter
344 276 556 315 antitheses
590 275 806 315 cumulatas
847 280 887 314 et
919 277 1033 315 nimis
1072 276 1208 315 exilem
1246 289 1326 315 rem
1364 281 1425 323 est
1465 278 1549 316 visa
1586 279 1671 317 sola
1708 281 1905 329 superstes
1941 278 2167 318 exercitatio
2207 281 2296 317 ante

147 335 371 375 anarehiam
388 345 413 373 a
429 334 549 384 Lysia
562 334 697 383 juvene
713 334 900 374 confecta.
926 334 1071 373 Eodem
1086 335 1167 373 fere
1181 339 1354 385 tempore
1374 336 1560 386 scriptam
1578 347 1664 376 esse
1683 338 1894 376 orationem
1906 341 2046 388 putant
2057 336 2295 385 Fannium,

146 394 353 434 Geversius
366 396 437 442 ¹⁰),
462 392 623 432 Falkius
639 398 651 419 ¹
663 395 709 441 ¹).
726 389 731 394 ’
759 392 864 437 Quae
889 393 1039 444 quidem
1058 394 1251 433 sententia
1269 395 1443 444 quamvis
1456 395 1617 434 multum
1637 395 1688 434 ad
1701 395 2010 446 persuadendum
2028 396 2070 434 in
2088 407 2129 435 se
2147 394 2295 442 babeat,

146 457 275 493 tamen
312 456 356 491 ut
388 456 529 503 postea
564 452 778 491 videbimus
811 455 872 491 est
906 452 1124 502 rejicienda.
1181 452 1315 502 Itaque
1349 453 1651 502 Benselerus¹²)
1686 455 1897 507 orationem
1923 466 1949 493 a
1969 454 2088 505 Lysia
2111 454 2294 505 scriptam

146 524 232 552 esse
265 515 382 562 negat
415 515 579 562 propter
610 511 755 550 hiatum
791 511 968 551 consulto
993 512 1189 559 evitatum,
1221 512 1325 561 quod
1350 513 1518 552 studium
1543 524 1664 564 neque
1691 513 1844 563 Lysiam
1871 525 1991 564 neque
2015 517 2202 562 oratores,
2226 513 2302 563 qui-

145 573 237 609 ante
263 569 472 610 Isocratem
495 570 707 617 floruerint,
742 580 901 609 curasse
926 575 1080 609 constat
1102 571 1204 609 inter
1227 582 1371 610 omnes.
1419 571 1663 611 Benselerum
1690 575 1844 611 secutus
1867 576 1928 610 est
1953 571 2200 621 Μαίον’),
2225 573 2292 623 qni
2324 562 2328 565 ’

144 629 194 668 ob
210 628 375 680 eandem
394 628 568 678 aliasque
594 639 732 667 causas
759 627 897 667 allatas
925 629 1135 668 orationem
1162 641 1183 667 e
1218 629 1393 679 Lysiacis
1415 643 1500 669 esse
1525 630 1805 670 exturbandam
1832 634 1974 682 censet.
2024 631 2118 670 Cum
2142 630 2292 670 Blaesio

144 687 392 727 consentiunt
422 691 462 726 et
486 698 510 725 a
534 685 656 737 Lysia,
674 684 896 735 abjudicant
920 685 1153 727 Holscberus
1170 692 1240 735 ¹⁴),
1276 687 1448 727 Pertzius
1464 693 1532 736 ¹⁶),
1567 689 1830 728 Buermannus
1848 690 1918 736 ¹⁰),
1951 688 2207 728 Thalbeimius
2221 691 2293 736 ¹⁷),

143 746 381 785 Frit'zschius
397 750 466 790 ¹⁸).
516 744 738 782 Theodorus
764 745 955 792 Bergkius
980 749 1163 795 ,παίγνιον
1180 748 1392 785 orationem
1429 760 1513 786 esse
1545 753 1655 797 putat
1689 759 1848 796 eamque
1874 759 1899 785 a
1925 747 2102 796 sophista
2127 747 2292 796 quodam

144 805 359 845 confectam
375 804 447 854 ¹⁹).
498 803 716 843 Orationem
743 814 767 841 a
791 801 909 853 Lysia
936 815 1020 843 esse
1044 804 1229 855 scriptam
1255 804 1451 844 contendit
1475 805 1796 854 Kirchnerus²⁰)‚
1820 805 1881 843 cui
1906 804 2165 843 assentiunter
2189 803 2291 843 Glei-

144 865 374 912 nigerusv)
406 866 446 905 et
470 862 743 908 Stutzerusv)
768 862 836 906 ita,
867 866 910 899 nt
936 863 1032 900 duas
1059 864 1299 901 recensiones
1334 875 1418 901 esse
1452 866 1527 902 rati
1562 876 1646 903 eam
1678 865 1863 902 orationis
1900 864 2093 913 epitomen
2127 875 2151 901 a
2176 863 2293 912 Lysia

141 922 230 973 ipso
243 921 439 962 confectae
454 943 499 949 -
518 932 616 971 quae
629 920 823 960 sententia
840 919 921 970 jam
938 921 1117 972 placebat
1131 921 1284 961 Dobreo
1299 944 1347 950 —
1367 919 1726 974 putent'omniaque
1753 934 1777 961 a
1791 921 1929 973 Lysiae
1941 933 2115 961 sermone
2140 920 2293 966 dicendi

142 980 408 1031 discrepantia
433 980 493 1018 vel
518 980 596 1017 alia
619 990 667 1016 ox
692 991 811 1018 causa
828 985 1009 1028 suspecta
1025 982 1152 1018 animo
1173 982 1449 1030 promitissimo
1465 979 1682 1020 attribuant
1697 982 1912 1032 excerptori
1927 981 2101 1028 (Hermes
2116 980 2181 1019 IX.
2213 982 2293 1019 160,

145 1040 228 1080 162.
253 1041 338 1081 164.
365 1039 450 1080 166.
481 1039 563 1080 167.
598 1040 676 1079 171.
708 1039 788 1079 172.
817 1038 899 1080 174,
931 1040 1011 1078 177.
1040 1041 1122 1080 178.
1157 1041 1311 1089 179”).

323 1096 399 1137 Sed
427 1098 646 1136 accuratior
670 1098 859 1136 orationis
884 1099 984 1136 ratio
1010 1103 1070 1136 est
1096 1100 1344 1146 instituenda,
1369 1103 1424 1144 ut,
1448 1100 1548 1147 quod
1576 1101 1628 1137 sit
1655 1111 1797 1143 verum,
1824 1099 1983 1137 eluceat.

320 1156 548 1196 Continetur
567 1156 696 1195 oratio
723 1160 861 1196 octava
886 1169 966 1196 non
989 1153 1102 1195 modo
1140 1158 1178 1196 in
1206 1157 1337 1197 codice
1364 1157 1536 1196 Palatino
1562 1158 1642 1196 sive
1673 1157 1983 1205 Heidelbergensi
2008 1156 2045 1195 X
2069 1156 2147 1204 (88)
2181 1160 2221 1194 et
2245 1166 2291 1193 ex

143 1227 188 1254 eo
217 1215 415 1262 derivatis,
451 1216 522 1253 sed
552 1217 667 1254 etiam
693 1216 735 1254 in
761 1216 892 1255 codice
919 1215 1115 1254 Marciano
1151 1217 1179 1254 G
1195 1246 1204 1261 ‚
1240 1228 1315 1264 qno
1353 1217 1485 1255 codice
1520 1220 1677 1265 praeter
1711 1216 1923 1254 orationem
1962 1215 2048 1253 vm
2085 1214 2292 1253 traduntur

142 1273 375 1312 secundant
400 1278 513 1312 sexta
538 1275 753 1321 orationes,
791 1286 887 1324 quas
914 1275 1156 1322 grammatici
1181 1278 1330 1312 veteres
1365 1279 1405 1312 et
1429 1280 1585 1313 nostrae
1621 1275 1759 1312 aetatis
1798 1274 1870 1311 viri
1896 1273 2000 1312 docti
2028 1285 2052 1311 a
2075 1272 2193 1322 Lysia
2222 1271 2289 1310 ab·

137 1331 420 1380 jndicavcmnt.
472 1332 577 1377 Quae
602 1343 686 1379 res,
714 1327 890 1382 quamvis
929 1333 1138 1370 orationem
1176 1337 1348 1370 octavam
1385 1333 1523 1381 Lysiae
1559 1332 1657 1369 falso
1684 1343 1767 1381 esse
1793 1332 1974 1369 tributam
2009 1343 2079 1380 per
2112 1342 2154 1368 se
2181 1330 2290 1367 nobis

141 1391 379 1441 persuadere
403 1401 487 1429 non
506 1390 643 1441 possit,
671 1394 799 1430 tamen
826 1391 973 1441 aliquid
997 1391 1178 1429 momenti
1203 1391 1242 1428 in
1269 1403 1310 1429 se
1336 1390 1461 1429 habet.
1514 1390 1718 1440 Sauppius,
1743 1390 1802 1428 vir
1826 1389 2083 1436 doctissimus,
2107 1389 2147 1427 in
2175 1399 2287 1438 prae·

141 1450 287 1489 tatione
321 1450 372 1489 ad
408 1453 583 1488 oratores
618 1450 759 1489 atticos
796 1450 946 1500 primus
982 1451 1212 1489 auctoritate
1246 1450 1390 1489 codicis
1426 1449 1592 1487 Palatini
1630 1450 1784 1498 cognita
1819 1454 1933 1499 putat
1966 1460 2098 1487 omnes
2128 1447 2290 1493 codices,

142 1512 331 1560 quotquot
358 1508 483 1548 adhuc
509 1508 639 1547 collati
665 1513 766 1557 sunt,
802 1521 849 1547 ex
878 1509 947 1548 hoc
972 1509 1103 1548 codice
1128 1508 1164 1546 X
1192 1520 1311 1558 eoque
1338 1507 1419 1555 tali,
1456 1508 1578 1558 qualis
1605 1510 1721 1547 etiam
1748 1520 1848 1547 nunc
1874 1513 1955 1554 est,
1991 1519 2075 1546 esse
2100 1506 2292 1547 derivatos

142 1572 297 1617 praeter
322 1568 352 1605 F
378 1567 410 1605 G
437 1566 470 1604 U
496 1566 542 1614 V,
570 1571 609 1605 et
634 1568 673 1604 in
700 1568 864 1617 epistola
888 1568 1098 1615 critica²⁴)
1125 1568 1174 1605 ad
1189 1567 1560 1606 God.}lermannum
1587 1580 1635 1606 ex
1661 1568 1736 1606 alio
1758 1568 1864 1605 fonte
1889 1579 1935 1606 ac
1960 1571 2107 1605 ceteros
2135 1565 2287 1605 codices

142 1637 228 1666 esse
252 1626 486 1676 descriptum
513 1625 586 1664 hoc
610 1625 773 1664 altorum
792 1638 910 1674 genus
931 1626 961 1664 F
979 1626 1011 1664 G
1031 1626 1063 1664 U
1083 1626 1116 1663 V
1142 1626 1339 1676 professus
1357 1630 1427 1664 est.
1479 1625 1553 1664 Sed
1578 1626 1699 1664 codex
1716 1625 1761 1671 G,
1788 1626 1852 1675 qui
1869 1625 1909 1662 in
1929 1625 2102 1662 oratione
2121 1623 2289 1662 secunda

142 1685 259 1723 alium
290 1683 436 1722 fontem
462 1696 508 1722 ac
542 1685 664 1722 codex
694 1685 890 1723 Palatinus
923 1686 1095 1734 sequitur
1127 1691 1165 1722 et
1197 1686 1238 1721 in
1265 1686 1437 1722 oratione
1464 1689 1576 1722 sexta
1606 1684 1779 1722 Palatino
1804 1685 1978 1734 proxime
2008 1687 2193 1730 cognatus
2218 1687 2289 1737 est,

142 1744 182 1782 in
208 1744 382 1783 oratione
405 1747 542 1782 octava
560 1742 703 1782 codicis
722 1743 888 1782 Palatini
904 1747 964 1782 est
982 1743 1268 1788 simillimus²⁵)
1295 1748 1333 1780 et
1358 1742 1588 1792 saepissime
1607 1742 1791 1780 lectiones
1817 1742 1960 1780 codicis
1987 1741 2019 1778 G
2046 1740 2289 1779 consentiunt

143 1803 238 1841 cum'
254 1802 387 1841 codice
413 1801 600 1839 Palatino,
652 1800 850 1845 Quomodo
877 1813 938 1839 res
963 1813 1047 1839 sese
1073 1801 1223 1847 habeat,
1249 1802 1465 1844 discernere
1492 1812 1566 1838 non
1591 1812 1760 1849 possum.
1814 1801 1893 1838 Hoc
1908 1800 2062 1847 dignum
2087 1803 2159 1844 cst,
2187 1797 2288 1847 quod

143 1864 308 1909 notetur,
324 1860 540 1899 orationem
557 1862 733 1898 octavam
757 1859 890 1899 codice
911 1860 1110 1907 contineri,
1141 1870 1213 1908 quo
1242 1858 1434 1896 orationes
1460 1857 1674 1904 traduntur,
1701 1870 1797 1908 quas
1823 1870 1954 1896 omncs
1978 1858 2061 1896 fere
2085 1856 2158 1894 viri
2184 1855 2288 1894 docti

144 1930 169 1958 a
193 1919 312 1969 Lysia
340 1919 572 1969 abjudicant.
874 1953 876 1955 .
1436 1919 1444 1926 '

319 1977 561 2016 Accedamus
588 1988 688 2015 nunc
712 1977 763 2014 ad
797 1976 1007 2014 orationem
1033 1978 1172 2025 ipsam.
1225 1976 1356 2014 Oratio
1384 1987 1431 2012 ex
1458 1975 1631 2012 omnibus
1655 1976 1892 2013 orationibus
1918 1975 2092 2024 Lysiacis
2119 1978 2177 2013 est
2204 1984 2286 2012 cor-

144 2034 368 2084 ruptissima
393 2038 432 2073 et
457 2038 673 2083 temporum
711 2035 913 2084 iniquitate
950 2035 1138 2072 nonnullis
1176 2034 1268 2073 locis
1295 2036 1344 2080 ἓξ
1372 2035 1408 2072 4.
1434 2034 1469 2071 8.
1503 2034 1554 2071 10.
1591 2033 1738 2070 lacunis
1775 2033 1999 2071 deformata.
2050 2032 2285 2080 Quamquam

322 2136 348 2172 ⁷)
370 2134 521 2171 Scheibe,
543 2134 650 2173 praef.
672 2134 724 2165 ed.
747 2144 778 2172 p.
801 2133 857 2164 VI.
900 2133 1108 2171 Frohberger
1132 2133 1174 2163 ad
1204 2136 1278 2162 orat
1301 2131 1392 2162 xm.
1416 2133 1464 2161 16.
1485 2132 1525 2161 Α.
1582 2131 1608 2168 ⁶)
1631 2140 1661 2161 a.
1684 2140 1713 2160 a.
1737 2130 1772 2160 Ο.
1797 2141 1817 2169 p
1854 2132 1920 2160 126Δ
1966 2131 1991 2168 ⁹)
2013 2131 2063 2162 ed.
2082 2130 2183 2170 Lysia
2203 2132 2289 2160 orat.

142 2185 265 2225 Stuttg.
288 2186 380 2217 1881.
409 2194 442 2225 p.
462 2185 535 2216 250.
592 2185 630 2223 ¹⁰)
660 2183 903 2224 DIsputationis
933 2184 972 2215 de
995 2183 1095 2223 Lysia
1123 2182 1286 2222 epitaphii
1319 2185 1453 2213 auctore
1482 2184 1583 2220 caput
1615 2180 1757 2212 alterum
1811 2180 1987 2220 Gettingae
2012 2178 2161 2221 1889.'p.
2183 2183 2212 2211 4.
2240 2181 2291 2210 10.

144 2237 182 2276 ¹¹)
208 2236 272 2268 Die
292 2237 407 2268 Reden
428 2238 487 2269 des
510 2236 629 2276 Lysias
652 2237 823 2267 fibersetzt
844 2235 911 2266 und
926 2235 1097 2266 erlautcrt.
1140 2233 1280 2265 Breslau
1298 2233 1386 2264 1843.
1410 2243 1441 2273 p.
1456 2234 1524 2264 101.
1573 2232 1612 2272 ¹²)
1633 2232 1684 2263 De
1699 2231 1803 2263 hiatu.
1840 2231 2033 2272 Fribergiae
2052 2233 2142 2263 1841.
2163 2241 2184 2272 p
2216 2232 2290 2268 188.

144 2287 182 2327 ¹⁸)
204 2296 235 2319 a.
257 2296 287 2319 a.
310 2287 346 2319 0.
368 2298 400 2328 p.
421 2288 493 2319 666.
539 2287 578 2326 ¹⁴)
600 2295 630 2317 a.
660 2296 690 2317 a.
721 2285 757 2316 Ο.
787 2295 818 2325 p.
842 2287 892 2316 73.
950 2285 984 2323 ¹⁵)
1006 2294 1036 2316 a.
1067 2294 1087 2315 a
1123 2284 1160 2315 Ο.
1190 2294 1222 2323 p.
1255 2285 1303 2314 15.
1356 2284 1391 2321 ¹⁶)
1426 2283 1563 2314 Hermes
1596 2282 1653 2314 IX.
1686 2292 1716 2322 p.
1740 2284 1810 2314 850.
1870 2283 1907 2321 η)
1940 2283 1970 2315 J.
2007 2282 2040 2313 J.
2072 2283 2128 2313 117
2157 2291 2187 2321 p.
2216 2282 2288 2312 549.

144 2339 184 2379 ¹⁶)
211 2338 263 2372 De
291 2338 529 2379 Pseudolysiae
557 2337 708 2370 oratione
737 2340 855 2368 octava
883 2335 1024 2367 Dissert.
1063 2335 1194 2367 Jenens.
1223 2336 1311 2366 1877.
1335 2331 1339 2335 ’
1371 2335 1406 2373 ”)
1437 2334 1636 2374 Philologus.
1666 2332 1753 2365 XIV.
1782 2343 1813 2374 p.
1847 2334 1915 2366 185.
1983 2334 2026 2373 ¹⁰)
2054 2333 2288 2372 Quaestionum

140 2390 357 2431 Lysiaearum
385 2390 561 2431 specimen.
604 2390 719 2427 Progr.
750 2387 900 2419 Demmin
930 2389 1022 2418 1869.
1076 2387 1116 2425 ἰ)
1146 2386 1284 2418 Hermes
1306 2385 1364 2418 IX.
1392 2396 1425 2426 p.
1449 2388 1516 2417 150.
1562 2386 1604 2424 ¹²)
1627 2385 1765 2417 Hermes
1788 2385 1878 2417 xlv.
1898 2387 1969 2417 499,
2014 2387 2053 2425 ¹⁸)
2075 2384 2192 2415 wilkii
2213 2392 2289 2424 pro·

140 2441 334 2481 grammatis
354 2440 540 2481 Lipsiensis
566 2440 665 2479 1870,
695 2446 763 2477 quo
782 2438 893 2477 agitur
919 2438 959 2468 de
981 2438 1129 2468 oratione
1159 2442 1274 2469 nostra
1295 2437 1438 2467 facultas
1468 2437 1660 2475 acquirendi
1689 2437 1768 2467 mihi
1795 2437 1874 2467 data
1899 2446 1963 2467 non
1987 2441 2057 2476 est;
2077 2436 2118 2467 de
2140 2437 2288 2466 oratione

143 2494 311 2532 tamquam
324 2494 481 2533 suspecta
495 2490 671 2531 scripsisse
696 2488 857 2520 wilkium
875 2488 980 2521 tradit
998 2488 1212 2520 Fritzscbius.
1257 2488 1299 2527 ¹⁴)
1322 2487 1464 2528 epistola
1487 2488 1604 2518 critica
1626 2486 1667 2518 ad
1691 2487 1772 2519 God.
1795 2487 2016 2519 Hermannum
2038 2487 2172 2528 Lipsiae
2198 2487 2289 2518 1841.

140 2543 185 2582 ¹⁸)
201 2536 312 2575 'codex
332 2543 363 2574 X
378 2540 444 2582 (88)
466 2542 655 2582 nuperrime
677 2540 821 2572 collatus
844 2543 896 2571 est
917 2549 937 2571 a
960 2540 1127 2580 Kaysero,
1155 2550 1251 2579 quam
1285 2539 1496 2570 collationem
1526 2539 1675 2577 sequitur
1712 2539 1897 2570 Scheibius.
1954 2538 2064 2570 Novae
2092 2539 2287 2571 collationes

143 2594 359 2627 exstiterunt:
395 2593 567 2634 Lamprus,
600 2592 740 2624 Hermes
767 2589 807 2623 X.
831 2591 913 2630 265,
941 2590 978 2621 R.
1013 2590 1144 2622 Schoell
1160 2613 1169 2630 ,
1189 2590 1326 2621 Hermes
1355 2589 1412 2620 XI.
1443 2590 1514 2628 213,
1537 2590 1574 2622 G.
1596 2589 1750 2629 Fuhrius,
1772 2589 1964 2621 dissertatio
1987 2589 2168 2621 Bonnensis
2196 2592 2289 2621 1877.

139 2645 186 2677 οἱ.
207 2645 328 2677 Philol.
352 2645 455 2684 ΑΜΒ.
478 2644 535 2675 ῙΧ.
563 2645 632 2675 102.
