2461 3078
1132 64 1353 98 -9—

177 172 381 224 significari
406 175 547 224 potest.
597 170 660 209 Ad
684 169 893 209 Diodorum
919 169 1030 216 enim,
1055 180 1170 206 unum
1195 179 1243 205 ex
1266 167 1397 206 amicis
1424 168 1599 212 oratoris,
1626 167 1689 218 qui
1705 167 2003 206 familiaritatem
2023 167 2247 206 simulantes
2275 179 2300 206 a

176 234 348 284 partibus
362 231 526 281 Polyclis
552 231 719 276 stabant,
744 234 875 269 orator
892 229 1169 278 transgreditur
1181 230 1221 267 in
1236 229 1350 267 tertia
1367 233 1475 277 parte
1492 228 1676 266 orationis
1703 230 1726 275 ξ
1756 231 1812 268 10.
1835 230 1887 275 14,
1913 240 2032 277 neque
2054 239 2104 267 ex
2124 228 2299 266 oratione

175 293 263 343 ipsa
280 302 510 340 cognoscere
536 300 751 341 possumus,
778 301 866 326 num
891 292 1020 327 tantas
1045 288 1084 326 in
1108 288 1237 338 priore
1262 292 1371 337 parte
1409 287 1593 325 orationis
1618 291 1750 337 partes
1774 287 1894 334 egerit
1919 288 2066 326 nomine
2092 287 2172 336 ejus
2201 299 2297 325 nun-

176 363 289 402 quam
315 352 519 394 nominato,
547 353 708 399 quantas
733 348 773 385 in
800 348 939 392 altera;
964 346 1099 385 deiude
1126 346 1249 384 verbis
1275 351 1342 384 aut
1367 347 1413 385 de
1430 347 1596 384 Diodoro
1617 350 1683 384 aut
1709 345 1755 383 de
1775 347 1904 384 nuntio
1928 346 2039 385 dictis
2059 351 2118 385 est
2143 347 2298 394 lacuna,

176 416 215 449 et
239 410 355 449 verba
381 409 534 455 desunt,
559 408 695 458 quibus
721 413 787 445 aut
812 406 1001 446 Diodorus
1027 411 1095 445 aut
1119 406 1273 444 nuntius
1299 405 1501 446 inducitur.

350 468 427 506 Alii
452 467 568 505 verba
593 467 750 515 ἐνοχλεῖ,
775 466 991 516 ἐποιήσατο,
1017 464 1121 514 ἔλεγε
1146 465 1186 501 in
1204 464 1385 514 pluralem
1401 466 1455 502 ita
1472 463 1656 502 mutanda
1679 468 1846 507 censent,
1873 469 1914 501 ut
1935 465 2048 502 verba
2074 466 2124 503 ad
2149 466 2290 510 socios,

174 529 214 566 in
240 540 334 577 quos
360 532 488 564 orator
512 526 712 569 invehitur,
738 524 970 562 referantur:
1015 524 1205 572 ἐνοχλεῖτε
1238 522 1480 572 ἐποιήσασθε,
1508 523 1667 571 ἐλέγετε.
1718 522 1787 560 Cui
1814 524 2012 561 mutationi
2031 524 2122 562 nihil
2150 525 2290 569 obstat,

174 587 398 639 praesertim
433 598 516 626 cum
552 584 738 624 nonnullis
774 584 956 623 orationis
993 584 1085 623 locis
1123 583 1173 622 sit
1206 584 1369 633 probata
1399 586 1421 631 ξ
1451 586 1473 621 3
1505 583 1659 629 εἴπατε,
1695 585 1718 630 ξ
1742 583 1761 620 7
1796 581 2025 633 ὑπερείδετε,
2051 586 2074 632 ξ
2093 585 2116 622 8
2137 584 2297 634 ἐλέγετε,

176 650 200 695 ἓ
229 649 273 684 16
289 646 447 695 ἐλέγετε,
473 646 538 683 ubi
557 645 708 683 codices
735 644 915 693 praebent
940 644 1166 692 singularem
1190 644 1346 689 εἰπάτω,
1371 641 1557 693 ὑπερεῖδε,
1584 642 1699 691 ἔλεγε,
1724 641 1839 691 ἔλεγε.
1891 644 1951 680 Nil
1978 644 2094 691 igitur
2121 643 2297 692 impedit,

177 706 376 756 quominus
404 705 518 743 verba
549 705 586 742 in
616 703 796 754 pluralem
824 707 1035 749 mutentur,
1076 706 1117 740 ut
1153 703 1274 740 oratio
1307 703 1545 741 continuetur
1572 702 1609 739 in
1648 702 1865 751 opprobriis
1892 703 1930 739 in
1957 703 2100 741 amicos
2129 702 2294 752 perfidos

175 765 359 803 faciendis
390 776 459 813 per
492 763 605 801 verba
625 764 814 810 ἐνοχλεῖτε
838 767 876 799 et
910 762 1068 810 ἐλέγετε.
1120 761 1194 799 Sed
1212 761 1438 799 Buermanni
1465 761 1694 807 conjectura,
1721 772 1795 809 qua
1809 761 1931 798 locum
1960 761 2291 810 corruptissimum

177 835 197 860 e
217 834 285 862 suo
310 823 461 870 ingenio
479 832 615 859 sanare
629 822 767 868 studet,
795 831 866 858 non
893 825 952 858 est
978 820 1187 869 probanda.
1239 820 1402 858 Primum
1418 820 1533 857 verba
1559 819 1784 868 ἐπιχειρεῖτε
1810 819 1981 867 ἐνοχλεῖν
2007 830 2081 857 non
2108 819 2300 868 quadrant

177 882 227 920 ad
254 894 389 920 nexum
414 880 700 924 sententiarum,
726 891 808 917 cum
837 880 929 918 socii
957 880 1099 917 oratori
1134 879 1265 917 turbas
1301 892 1340 917 re
1375 890 1464 916 vera
1500 878 1682 924 fecerint,
1717 889 1835 927 neque
1872 878 2095 927 ἐπιχειρεῖτε
2127 878 2301 926 ἐνοχλεῖν

177 942 242 980 sed
268 941 458 989 ἐνοχλεῖτε
477 940 527 978 sit
550 938 801 977 scribendum.
853 938 997 976 Deinde
1025 938 1176 976 verbum
1202 939 1410 983 τοιούτους,
1434 950 1508 976 non
1529 937 1751 976 florentibus
1778 938 1925 984 graecis
1951 938 2084 983 literis,
2122 937 2189 975 sed
2228 949 2297 986 po-

177 1000 400 1037 sterioribus
436 998 670 1047 temporibus
709 1003 766 1035 est
801 997 1004 1041 usitatum,
1041 997 1175 1046 quibus
1211 997 1417 1033 orat-ionem
1455 1008 1537 1034 esse
1571 996 1753 1045 scriptam
1794 995 2052 1034 Buermannus
2087 1007 2161 1033 non
2203 996 2298 1034 satis

178 1059 465 1098 demonstravit.
517 1057 804 1097 Concedendum
841 1063 967 1096 tamen
1003 1055 1242 1095 Buermanno
1274 1063 1331 1095 est
1365 1057 1516 1095 verbum
1551 1057 1681 1095 καίτοι
1707 1067 1791 1094 esse
1824 1054 2033 1102 offensioni,
2053 1068 2135 1095 cum
2165 1060 2297 1094 nostro

176 1118 258 1155 loco
273 1118 505 1154 enuntiatum
523 1129 591 1166 per
607 1116 758 1153 verbum
772 1118 899 1154 καίτοι
920 1127 995 1152 non
1013 1116 1321 1153 antecedentibus
1335 1120 1560 1165 opponatur,
1582 1115 1649 1152 sed
1665 1116 1788 1151 oratio
1802 1115 1841 1151 in
1855 1115 2055 1152 calumniis
2073 1115 2298 1152 enarrandis

176 1188 291 1228 porro
317 1181 515 1217 tractetur.
567 1174 665 1221 Quid
692 1175 762 1214 sibi
789 1175 878 1214 velit
903 1174 1092 1226 particula
1116 1176 1242 1214 καίτοι
1269 1187 1340 1214 non
1367 1175 1477 1215 facile
1505 1177 1696 1227 apparet?
1738 1174 1794 1213 Ac
1822 1174 1973 1213 verbum
2001 1174 2151 1224 quidem
2169 1175 2298 1214 καίτοι

177 1249 199 1273 a
217 1236 384 1273 librariis
400 1247 515 1284 saepe
532 1236 715 1282 scriptum
743 1246 825 1272 esse
850 1246 919 1282 pro
946 1238 1012 1272 καί
1035 1249 1102 1283 μοι
1127 1240 1277 1273 constat
1301 1236 1398 1272 inter
1412 1240 1627 1281 omnes⁶¹),
1655 1235 1758 1279 velut
1783 1234 1831 1271 X.
1861 1237 1915 1278 14,
1942 1235 2003 1270 ubi
2030 1237 2158 1272 καίτοι
2189 1235 2297 1271 libris

176 1294 358 1334 traditum
378 1306 400 1333 a
420 1293 644 1333 Marklando
659 1291 923 1333 Turicensibus
938 1298 976 1333 et
990 1293 1129 1333 Cobeto
1145 1293 1435 1333 assentientibus
1456 1297 1641 1333 mutatum
1670 1297 1729 1332 est
1753 1292 1793 1331 in
1818 1294 1883 1332 καί
1907 1307 1973 1343 μοι
1999 1290 2200 1343 ἀνάγνωθι
2226 1293 2300 1333 τὸν

175 1355 310 1401 νόμον.
361 1353 485 1395 Quare
511 1353 706 1399 legendum
738 1353 804 1388 hoc
831 1362 977 1400 quoque
1004 1354 1086 1389 loco
1115 1364 1248 1389 censeo
1272 1365 1339 1401 pro
1358 1356 1484 1389 καίτοι
1510 1374 1555 1379 -
1581 1355 1646 1389 καί
1670 1366 1747 1400 μοι.
1799 1355 1864 1388 καί
1882 1366 1947 1399 μοι
1966 1351 2094 1396 οὕτως
2109 1353 2299 1399 ἐνοχλεῖτε

175 1426 244 1460 „ac
271 1412 361 1449 mihi
387 1417 517 1449 tantas
540 1411 667 1449 facitis
687 1411 858 1458 turbas⁶·‚
886 1424 960 1461 qua
980 1411 1160 1449 facillima
1177 1415 1390 1461 conjectura
1408 1412 1570 1461 probata
1590 1424 1659 1461 per
1679 1411 1870 1458 adjectum
1891 1411 2058 1449 dativum
2075 1411 2125 1448 ad
2143 1409 2296 1450 <verbum

175 1471 363 1519 ἐνοχλεῖτε
400 1473 438 1507 et
475 1470 705 1506 constructio
738 1470 880 1506 usitata
908 1470 1010 1506 verbi
1046 1475 1239 1517 servatur,
1272 1476 1308 1507 et
1343 1471 1433 1507 bene
1470 1470 1596 1506 omnia
1627 1470 1842 1507 cohaerent.
1905 1469 1948 1506 In
1983 1469 2300 1519 subsequentibus

174 1531 300 1569 verbis
341 1529 503 1567 maxime
540 1528 733 1567 offendunt
768 1530 884 1567 verba
916 1531 1005 1579 περὶ
1038 1531 1219 1575 πλείονος
1241 1534 1437 1569 ποιεῖσθαι
1463 1551 1508 1557 -
1534 1530 1666 1568 δοκεῖν
1691 1530 1879 1579 κήδεσθαι
1902 1551 1948 1557 -
1974 1537 2182 1576 κατειπεῖν,
2202 1541 2298 1580 quae

175 1589 287 1626 nexui
306 1588 576 1625 sententiarum
596 1593 828 1636 oppugnant.
880 1588 980 1626 Socii
1001 1589 1173 1625 malevoli
1196 1589 1312 1625 multa
1328 1589 1467 1626 oratori
1488 1588 1767 1625 maledixerunt
1787 1599 1861 1624 non
1882 1588 2020 1636 palam,
2047 1588 2115 1624 sed
2135 1589 2297 1626 absenti.

175 1646 327 1686 Oratori
353 1647 468 1695 igitur
487 1657 561 1683 non
588 1647 798 1695 consulunt,
824 1647 891 1685 sed
926 1647 1120 1686 consulere
1146 1647 1332 1694 videntur,
1359 1660 1439 1686 cum
1467 1647 1795 1686 criminationibus
1820 1651 1859 1685 et
1887 1646 2098 1684 maledictis
2126 1647 2294 1685 sodalem

176 1706 377 1745 cumulent.
430 1705 546 1749 Quem
568 1706 615 1742 ad
642 1719 790 1743 sensum
811 1706 1098 1755 exprimendum
1125 1708 1320 1744 verborum
1349 1707 1439 1743 ordo
1466 1708 1521 1744 ita
1547 1707 1750 1744 mutandus
1778 1712 1836 1744 est
1860 1707 2040 1743 fortasse:
2072 1703 2171 1744 ὥστε
2206 1708 2297 1756 περὶ

173 1767 354 1808 πλείονος
379 1764 613 1813 ἐποιήσασθε
645 1766 774 1804 δοκεῖν
805 1765 898 1814 ἐμοῦ
930 1766 1116 1815 κήδεσθαι
1141 1763 1164 1815 ἢ
1189 1767 1384 1816 κήδεσθαι,
1410 1767 1473 1804 καὶ
1497 1768 1646 1814 μᾶλλον
1670 1765 1765 1815 ἐμοῦ
1791 1767 2003 1803 κατεὶπετε.

352 1823 566 1872 Sequuntur
583 1829 661 1861 tum
681 1825 889 1862 calumniae
915 1825 1035 1873 ipsae,
1063 1836 1220 1873 quarum
1247 1831 1370 1862 tamen
1395 1831 1540 1874 partem
1566 1824 1677 1861 modo
1698 1837 1782 1862 sese
1802 1836 1885 1861 esse
1908 1830 2294 1861 commemoraturum

173 1882 338 1920 affirmat
364 1888 504 1921 orator.
557 1882 598 1920 In
629 1884 813 1932 proximis
835 1883 958 1921 verbis
978 1882 1089 1921 affert
1104 1896 1250 1928 causas,
1276 1897 1341 1922 cur
1371 1896 1496 1922 omnes
1529 1884 1735 1923 amicorum
1763 1883 2048 1923 criminationes
2073 1894 2294 1921 enumerare

173 1942 245 1978 sibi
272 1941 483 1988 displiceat.
534 1942 625 1988 Cum
652 1954 763 1989 aegre
789 1943 912 1979 ferens
940 1944 1054 1979 verba
1079 1943 1261 1980 maledica
1286 1949 1462 1991 percepta
1499 1948 1693 1988 vereatur,
1730 1955 1776 1980 ne
1802 1954 1871 1991 per
1897 1943 2048 1979 easdem
2081 1942 2295 1979 calumnias

173 1999 354 2047 repetitas
371 1999 474 2047 apud
500 1999 624 2037 socios
640 2022 690 2027 —-
709 2012 755 2037 ex
771 2001 988 2038 Marklandi
1003 2007 1039 2038 et
1060 2000 1256 2038 Kirchneri
1275 2001 1447 2048 (ἐλέγετε)
1467 2001 1793 2039 emendationibus
1820 1997 1842 2039 ὅ
1860 2016 1898 2038 τι
1917 2001 2063 2048 ἐλέγετε
2084 2001 2169 2037 κατ’
2188 2000 2294 2049 ἐμοῦ,

171 2056 293 2096 ταύτὰ
319 2058 466 2107 λέξαιμι
484 2069 552 2107 pro
570 2059 652 2097 κατ’
678 2058 772 2109 ἐμοῦ
788 2065 911 2098 ταῦτα
928 2060 1089 2109 δόξαιμι,
1117 2070 1212 2109 quae
1234 2058 1345 2096 verba
1363 2059 1443 2097 sine
1471 2059 1777 2110 interpunctione
1802 2059 1922 2098 codex
1936 2058 1972 2097 X
1987 2058 2147 2109 praebet
2161 2061 2220 2106 ⁵²)
2246 2080 2293 2086 —

173 2129 236 2154 eos
263 2118 363 2153 omni
390 2118 502 2164 culpa
527 2118 671 2159 liberet,
698 2119 809 2155 modo
836 2120 963 2156 dicere
989 2131 1055 2156 eas
1083 2119 1181 2164 vult,
1207 2129 1298 2166 quas
1326 2118 1435 2155 amici
1471 2119 1652 2155 dixerunt
1684 2120 1724 2155 in
1759 2120 1962 2156 ludibrium
1995 2120 2177 2166 ipsorum,
2214 2130 2290 2154 non

172 2175 212 2212 in
238 2174 401 2212 oratoris
428 2175 704 2215 contumeliam.
754 2175 861 2221 Quod
890 2177 1003 2215 amici
1030 2176 1205 2215 dicebant
1231 2180 1415 2213 oratorem
1443 2188 1526 2214 cum
1552 2177 1649 2227 ipsis
1666 2177 1797 2215 invitis
1820 2177 1958 2216 habere
1977 2175 2288 2216 consuetudinem

171 2240 209 2272 et
235 2235 331 2284 ipsis
351 2235 501 2271 minime
531 2236 744 2274 lubentibus
765 2236 946 2274 Eleusina
977 2249 1060 2275 esse
1091 2237 1308 2285 profectum,
1335 2247 1506 2282 magnam
1532 2237 1730 2285 perfidiam
1759 2237 2023 2282 ostenderunt,
2050 2247 2133 2273 cum
2160 2235 2288 2283 palam

170 2304 239 2342 pro
266 2293 386 2332 amico
414 2295 594 2332 haberent
620 2299 657 2332 et
683 2295 875 2332 absentem
900 2295 1203 2333 criminarentur.
1256 2294 1352 2331 Socii
1379 2293 1565 2332 debebant
1590 2300 1657 2333 aut
1693 2295 1866 2334 desinere
1892 2294 2117 2332 maledicere
2141 2293 2288 2330 oratori

171 2358 237 2390 aut
262 2365 305 2390 eo
331 2353 571 2391 familiariter
609 2366 682 2391 non
719 2355 786 2400 uti,
821 2354 936 2403 idque
968 2355 1120 2403 quidem
1153 2354 1277 2402 palam
1312 2353 1480 2390 amicitia
1515 2355 1745 2393 renuntiata.
1806 2354 1912 2398 Quod
1948 2366 1993 2391 ue
2028 2353 2206 2398 facerent,
2242 2352 2289 2390 ob

171 2421 305 2448 causas
328 2418 465 2458 certas,
492 2412 656 2450 fortasse
679 2413 725 2451 ob
743 2413 908 2460 divitias,
928 2413 1039 2450 veriti
1057 2417 1155 2451 sunt.
1205 2411 1322 2460 Atqui
1344 2416 1472 2449 orator
1496 2412 1707 2461 intelligere
1734 2424 1808 2450 non
1836 2413 1971 2462 potuit,
1998 2423 2064 2449 cur
2087 2410 2287 2448 familiari-

169 2474 288 2507 tatem
305 2482 413 2508 suam
434 2477 742 2520 aspernarentur,
762 2485 828 2511 cur
844 2473 992 2510 animus
1007 2472 1248 2509 familiarium
1265 2470 1335 2508 sibi
1354 2475 1454 2508 esset
1471 2472 1654 2511 infensus.
1691 2473 1836 2522 Sequor
1850 2472 2011 2510 Scheibii
2029 2471 2285 2517 conjecturam

169 2529 209 2567 in
245 2528 366 2567 altera
400 2530 538 2580 Lysiae
571 2531 738 2571 editione
772 2543 995 2583 expressam
1020 2533 1085 2571 καὶ
1119 2532 1195 2582 μὴν
1223 2529 1335 2569 οὐδὲν
1364 2530 1481 2576 αὐτὸς
1504 2531 1673 2582 ἐξεῦρον.
1737 2532 1875 2571 Orator
1914 2531 2009 2570 enim
2049 2530 2181 2570 amicis
2220 2542 2291 2570 nec

345 2610 383 2648 ⁵¹)
405 2609 578 2650 Kirchner,
600 2620 629 2641 a.
654 2620 684 2642 a.
703 2610 738 2642 Ο.
761 2620 792 2651 p.
814 2613 846 2643 5.
889 2612 930 2652 ⁵²)
952 2611 1122 2652 Lampros,
1145 2611 1292 2650 Hermes,
1313 2609 1370 2641 XI.

2093 2672 2111 2700 2
