<?xml version="1.0" encoding="UTF-8"?>
<!DOCTYPE html PUBLIC "-//W3C//DTD XHTML 1.0 Transitional//EN"
    "http://www.w3.org/TR/xhtml1/DTD/xhtml1-transitional.dtd">
<html xmlns="http://www.w3.org/1999/xhtml" xml:lang="en" lang="en">
 <head>
  <title>
</title>
<meta http-equiv="Content-Type" content="text/html;charset=utf-8" />
  <meta name='ocr-system' content='tesseract 3.04.00' />
  <meta name='ocr-capabilities' content='ocr_page ocr_carea ocr_par ocr_line ocrx_word'/>
</head>
<body>
  <div class='ocr_page' id='page_1' title='image "4774680_0021.png"; bbox 0 0 2461 3078; ppageno 0'>
   <div class='ocr_carea' id='block_1_1' title="bbox 1121 87 1367 122">
    <p class='ocr_par' dir='ltr' id='par_1_1' title="bbox 1121 87 1367 122">
     <span class='ocr_line' id='line_1_1' title="bbox 1121 87 1367 122; baseline -0.004 -11"><span class='ocrx_word' id='word_1_1' title='bbox 1121 87 1367 122; x_wconf 73' lang='lat'>—12—</span> 
     </span>
    </p>
   </div>
   <div class='ocr_carea' id='block_1_2' title="bbox 161 189 2302 2606">
    <p class='ocr_par' dir='ltr' id='par_1_2' title="bbox 165 189 2302 1114">
     <span class='ocr_line' id='line_1_2' title="bbox 168 189 2302 242; baseline 0.001 -15"><span class='ocrx_word' id='word_1_2' title='bbox 168 200 246 228; x_wconf 88' lang='lat' dir='ltr'><strong>non</strong></span> <span class='ocrx_word' id='word_1_3' title='bbox 272 190 366 228; x_wconf 85' lang='lat' dir='ltr'><strong>satis</strong></span> <span class='ocrx_word' id='word_1_4' title='bbox 392 189 559 238; x_wconf 74' lang='lat' dir='ltr'><strong>perspici</strong></span> <span class='ocrx_word' id='word_1_5' title='bbox 586 201 634 227; x_wconf 87' lang='lat' dir='ltr'><strong>ex</strong></span> <span class='ocrx_word' id='word_1_6' title='bbox 651 190 824 229; x_wconf 84' lang='lat' dir='ltr'><strong>oratione</strong></span> <span class='ocrx_word' id='word_1_7' title='bbox 849 191 947 240; x_wconf 85' lang='lat' dir='ltr'><strong>ipsa,</strong></span> <span class='ocrx_word' id='word_1_8' title='bbox 973 190 1160 241; x_wconf 91' lang='lat' dir='ltr'><strong>quomodo</strong></span> <span class='ocrx_word' id='word_1_9' title='bbox 1188 191 1281 229; x_wconf 89' lang='lat' dir='ltr'><strong>socii</strong></span> <span class='ocrx_word' id='word_1_10' title='bbox 1308 190 1356 229; x_wconf 92' lang='lat' dir='ltr'><strong>de</strong></span> <span class='ocrx_word' id='word_1_11' title='bbox 1387 190 1514 229; x_wconf 85' lang='lat' dir='ltr'><strong>causis</strong></span> <span class='ocrx_word' id='word_1_12' title='bbox 1540 192 1718 238; x_wconf 86' lang='lat' dir='ltr'><strong>oratoris,</strong></span> <span class='ocrx_word' id='word_1_13' title='bbox 1745 203 1839 242; x_wconf 81' lang='lat' dir='ltr'><strong>quas</strong></span> <span class='ocrx_word' id='word_1_14' title='bbox 1873 191 1979 242; x_wconf 84' lang='lat' dir='ltr'><strong>apud</strong></span> <span class='ocrx_word' id='word_1_15' title='bbox 2000 190 2150 239; x_wconf 86' lang='lat' dir='ltr'><strong>judices</strong></span> <span class='ocrx_word' id='word_1_16' title='bbox 2175 191 2302 241; x_wconf 75' lang='lat' dir='ltr'><strong>prola·</strong></span> 
     </span>
     <span class='ocr_line' id='line_1_3' title="bbox 169 247 2294 299; baseline 0 -13"><span class='ocrx_word' id='word_1_17' title='bbox 169 251 281 286; x_wconf 89' lang='lat' dir='ltr'><strong>turus</strong></span> <span class='ocrx_word' id='word_1_18' title='bbox 306 252 399 292; x_wconf 83' lang='lat' dir='ltr'><strong>erat,</strong></span> <span class='ocrx_word' id='word_1_19' title='bbox 426 247 517 285; x_wconf 81' lang='lat' dir='ltr'><strong>facti</strong></span> <span class='ocrx_word' id='word_1_20' title='bbox 543 247 622 286; x_wconf 88' lang='lat' dir='ltr'><strong>sint</strong></span> <span class='ocrx_word' id='word_1_21' title='bbox 648 248 840 288; x_wconf 79' lang='lat' dir='ltr'><strong>certiores.</strong></span> <span class='ocrx_word' id='word_1_22' title='bbox 893 249 967 288; x_wconf 89' lang='lat' dir='ltr'><strong>Sed</strong></span> <span class='ocrx_word' id='word_1_23' title='bbox 1002 249 1191 299; x_wconf 88' lang='lat' dir='ltr'><strong>quomodo</strong></span> <span class='ocrx_word' id='word_1_24' title='bbox 1227 250 1361 295; x_wconf 84' lang='lat' dir='ltr'><strong>verba,</strong></span> <span class='ocrx_word' id='word_1_25' title='bbox 1390 259 1486 298; x_wconf 78' lang='lat' dir='ltr'><strong>quae</strong></span> <span class='ocrx_word' id='word_1_26' title='bbox 1519 260 1655 287; x_wconf 85' lang='lat' dir='ltr'><strong>nexum</strong></span> <span class='ocrx_word' id='word_1_27' title='bbox 1688 251 1963 288; x_wconf 86' lang='lat' dir='ltr'><strong>sententiarum</strong></span> <span class='ocrx_word' id='word_1_28' title='bbox 1989 262 2063 288; x_wconf 92' lang='lat' dir='ltr'><strong>non</strong></span> <span class='ocrx_word' id='word_1_29' title='bbox 2087 250 2294 288; x_wconf 84' lang='lat' dir='ltr'><strong>interrum-</strong></span> 
     </span>
     <span class='ocr_line' id='line_1_4' title="bbox 167 307 2299 359; baseline 0.001 -14"><span class='ocrx_word' id='word_1_30' title='bbox 167 315 277 357; x_wconf 88' lang='lat' dir='ltr'><strong>punt,</strong></span> <span class='ocrx_word' id='word_1_31' title='bbox 309 319 448 346; x_wconf 84' lang='lat' dir='ltr'><strong>sanare</strong></span> <span class='ocrx_word' id='word_1_32' title='bbox 484 307 674 345; x_wconf 82' lang='lat' dir='ltr'><strong>studuerit</strong></span> <span class='ocrx_word' id='word_1_33' title='bbox 707 307 985 356; x_wconf 83' lang='lat' dir='ltr'><strong>Buermannus‚</strong></span> <span class='ocrx_word' id='word_1_34' title='bbox 1009 308 1246 358; x_wconf 83' lang='lat' dir='ltr'><strong>probandum</strong></span> <span class='ocrx_word' id='word_1_35' title='bbox 1275 308 1365 347; x_wconf 91' lang='lat' dir='ltr'><strong>mihi</strong></span> <span class='ocrx_word' id='word_1_36' title='bbox 1392 320 1466 346; x_wconf 94' lang='lat' dir='ltr'><strong>non</strong></span> <span class='ocrx_word' id='word_1_37' title='bbox 1493 307 1655 348; x_wconf 87' lang='lat' dir='ltr'><strong>videtur.</strong></span> <span class='ocrx_word' id='word_1_38' title='bbox 1706 307 1804 354; x_wconf 88' lang='lat' dir='ltr'><strong>Quid</strong></span> <span class='ocrx_word' id='word_1_39' title='bbox 1838 309 1910 349; x_wconf 91' lang='lat' dir='ltr'><strong>sibi</strong></span> <span class='ocrx_word' id='word_1_40' title='bbox 1940 309 2031 348; x_wconf 90' lang='lat' dir='ltr'><strong>velit</strong></span> <span class='ocrx_word' id='word_1_41' title='bbox 2054 308 2299 359; x_wconf 79' lang='grc' dir='ltr'><em>κατηγόρουν</em></span> 
     </span>
     <span class='ocr_line' id='line_1_5' title="bbox 167 365 2298 418; baseline -0 -12"><span class='ocrx_word' id='word_1_42' title='bbox 167 365 300 406; x_wconf 77' lang='grc' dir='ltr'><em>αὐτῶν</em></span> <span class='ocrx_word' id='word_1_43' title='bbox 326 377 404 414; x_wconf 88' lang='lat' dir='ltr'><strong>,eos</strong></span> <span class='ocrx_word' id='word_1_44' title='bbox 443 367 694 411; x_wconf 85' lang='lat' dir='ltr'><strong>accusabam‘‚</strong></span> <span class='ocrx_word' id='word_1_45' title='bbox 721 379 766 404; x_wconf 90' lang='lat' dir='ltr'><strong>ne</strong></span> <span class='ocrx_word' id='word_1_46' title='bbox 794 367 1026 405; x_wconf 86' lang='lat' dir='ltr'><strong>Buermanni</strong></span> <span class='ocrx_word' id='word_1_47' title='bbox 1062 368 1380 418; x_wconf 81' lang='lat' dir='ltr'><strong>interpretatione</strong></span> <span class='ocrx_word' id='word_1_48' title='bbox 1415 367 1582 417; x_wconf 87' lang='lat' dir='ltr'><strong>quidem:</strong></span> <span class='ocrx_word' id='word_1_49' title='bbox 1616 365 1816 414; x_wconf 78' lang='lat' dir='ltr'><strong>,natfirlich</strong></span> <span class='ocrx_word' id='word_1_50' title='bbox 1855 368 1912 407; x_wconf 89' lang='lat' dir='ltr'><strong>als</strong></span> <span class='ocrx_word' id='word_1_51' title='bbox 1942 369 2115 417; x_wconf 79' lang='lat' dir='ltr'><strong>fingierte</strong></span> <span class='ocrx_word' id='word_1_52' title='bbox 2150 367 2298 415; x_wconf 79' lang='lat' dir='ltr'><strong>Gegen-</strong></span> 
     </span>
     <span class='ocr_line' id='line_1_6' title="bbox 168 425 2299 477; baseline 0 -14"><span class='ocrx_word' id='word_1_53' title='bbox 168 425 492 475; x_wconf 78' lang='lat' dir='ltr'><strong>partei‘intelligi</strong></span> <span class='ocrx_word' id='word_1_54' title='bbox 518 431 657 475; x_wconf 88' lang='lat' dir='ltr'><strong>potest.</strong></span> <span class='ocrx_word' id='word_1_55' title='bbox 707 426 965 464; x_wconf 87' lang='lat' dir='ltr'><strong>Accusatione</strong></span> <span class='ocrx_word' id='word_1_56' title='bbox 985 428 1190 465; x_wconf 87' lang='lat' dir='ltr'><strong>amicorum</strong></span> <span class='ocrx_word' id='word_1_57' title='bbox 1219 440 1295 465; x_wconf 85' lang='lat' dir='ltr'><strong>non</strong></span> <span class='ocrx_word' id='word_1_58' title='bbox 1323 440 1419 477; x_wconf 90' lang='lat' dir='ltr'><strong>opus</strong></span> <span class='ocrx_word' id='word_1_59' title='bbox 1446 432 1515 466; x_wconf 90' lang='lat' dir='ltr'><strong>est.</strong></span> <span class='ocrx_word' id='word_1_60' title='bbox 1567 428 1712 466; x_wconf 82' lang='lat' dir='ltr'><strong>Amicis</strong></span> <span class='ocrx_word' id='word_1_61' title='bbox 1738 429 1837 466; x_wconf 79' lang='lat' dir='ltr'><strong>enim</strong></span> <span class='ocrx_word' id='word_1_62' title='bbox 1859 429 2006 466; x_wconf 87' lang='lat' dir='ltr'><strong>oratori</strong></span> <span class='ocrx_word' id='word_1_63' title='bbox 2031 426 2299 475; x_wconf 85' lang='lat' dir='ltr'><strong>objicientibus</strong></span> 
     </span>
     <span class='ocr_line' id='line_1_7' title="bbox 167 484 2298 534; baseline 0 -12"><span class='ocrx_word' id='word_1_64' title='bbox 167 484 345 534; x_wconf 82' lang='lat' dir='ltr'><strong>injuriam</strong></span> <span class='ocrx_word' id='word_1_65' title='bbox 372 489 505 522; x_wconf 86' lang='lat' dir='ltr'><strong>orator</strong></span> <span class='ocrx_word' id='word_1_66' title='bbox 531 496 572 523; x_wconf 94' lang='lat' dir='ltr'><strong>se</strong></span> <span class='ocrx_word' id='word_1_67' title='bbox 598 484 826 522; x_wconf 88' lang='lat' dir='ltr'><strong>defendendi</strong></span> <span class='ocrx_word' id='word_1_68' title='bbox 853 497 969 524; x_wconf 83' lang='lat' dir='ltr'><strong>causa</strong></span> <span class='ocrx_word' id='word_1_69' title='bbox 996 486 1157 532; x_wconf 85' lang='lat' dir='ltr'><strong>dicebat,</strong></span> <span class='ocrx_word' id='word_1_70' title='bbox 1185 498 1251 524; x_wconf 88' lang='lat' dir='ltr'><strong>cur</strong></span> <span class='ocrx_word' id='word_1_71' title='bbox 1278 486 1349 534; x_wconf 83' lang='lat' dir='ltr'><strong>sibi</strong></span> <span class='ocrx_word' id='word_1_72' title='bbox 1369 486 1466 524; x_wconf 82' lang='lat' dir='ltr'><strong>ratio</strong></span> <span class='ocrx_word' id='word_1_73' title='bbox 1490 485 1626 533; x_wconf 86' lang='lat' dir='ltr'><strong>agendi</strong></span> <span class='ocrx_word' id='word_1_74' title='bbox 1647 486 1838 524; x_wconf 90' lang='lat' dir='ltr'><strong>videretur</strong></span> <span class='ocrx_word' id='word_1_75' title='bbox 1863 492 1978 526; x_wconf 88' lang='lat' dir='ltr'><strong>recta.</strong></span> <span class='ocrx_word' id='word_1_76' title='bbox 2031 487 2161 534; x_wconf 85' lang='lat' dir='ltr'><strong>ltaque</strong></span> <span class='ocrx_word' id='word_1_77' title='bbox 2186 485 2298 523; x_wconf 84' lang='lat' dir='ltr'><strong>amici</strong></span> 
     </span>
     <span class='ocr_line' id='line_1_8' title="bbox 167 538 2294 596; baseline -0 -15"><span class='ocrx_word' id='word_1_78' title='bbox 167 556 215 581; x_wconf 86' lang='lat' dir='ltr'><strong>ex</strong></span> <span class='ocrx_word' id='word_1_79' title='bbox 241 548 394 581; x_wconf 81' lang='lat' dir='ltr'><strong>oratore</strong></span> <span class='ocrx_word' id='word_1_80' title='bbox 418 545 503 596; x_wconf 88' lang='lat' dir='ltr'><strong>ipso</strong></span> <span class='ocrx_word' id='word_1_81' title='bbox 530 545 576 581; x_wconf 87' lang='lat' dir='ltr'><strong>de</strong></span> <span class='ocrx_word' id='word_1_82' title='bbox 604 556 643 581; x_wconf 92' lang='lat' dir='ltr'><strong>re</strong></span> <span class='ocrx_word' id='word_1_83' title='bbox 669 544 909 593; x_wconf 86' lang='lat' dir='ltr'><strong>disputantes</strong></span> <span class='ocrx_word' id='word_1_84' title='bbox 932 538 1212 591; x_wconf 82' lang='lat' dir='ltr'><strong>cognoscebant</strong></span> <span class='ocrx_word' id='word_1_85' title='bbox 1227 552 1461 592; x_wconf 78' lang='lat' dir='ltr'><strong>argumenta,</strong></span> <span class='ocrx_word' id='word_1_86' title='bbox 1481 546 1617 594; x_wconf 61' lang='lat' dir='ltr'><strong>qaibus</strong></span> <span class='ocrx_word' id='word_1_87' title='bbox 1632 545 1681 582; x_wconf 91' lang='lat' dir='ltr'><strong>ad</strong></span> <span class='ocrx_word' id='word_1_88' title='bbox 1700 545 1843 591; x_wconf 79' lang='lat' dir='ltr'><strong>iudices</strong></span> <span class='ocrx_word' id='word_1_89' title='bbox 1862 552 1946 583; x_wconf 87' lang='lat' dir='ltr'><strong>erat</strong></span> <span class='ocrx_word' id='word_1_90' title='bbox 1964 558 2112 584; x_wconf 81' lang='lat' dir='ltr'><strong>usurus,</strong></span> <span class='ocrx_word' id='word_1_91' title='bbox 2164 543 2294 582; x_wconf 88' lang='lat' dir='ltr'><strong>Corri-</strong></span> 
     </span>
     <span class='ocr_line' id='line_1_9' title="bbox 167 602 2294 653; baseline -0.001 -13"><span class='ocrx_word' id='word_1_92' title='bbox 167 602 334 651; x_wconf 80' lang='lat' dir='ltr'><strong>gendum</strong></span> <span class='ocrx_word' id='word_1_93' title='bbox 362 603 461 641; x_wconf 88' lang='lat' dir='ltr'><strong>hunc</strong></span> <span class='ocrx_word' id='word_1_94' title='bbox 486 603 608 641; x_wconf 92' lang='lat' dir='ltr'><strong>locum</strong></span> <span class='ocrx_word' id='word_1_95' title='bbox 636 602 692 640; x_wconf 86' lang='lat' dir='ltr'><strong>ita</strong></span> <span class='ocrx_word' id='word_1_96' title='bbox 718 614 852 641; x_wconf 92' lang='lat' dir='ltr'><strong>censeo</strong></span> <span class='ocrx_word' id='word_1_97' title='bbox 880 609 921 641; x_wconf 91' lang='lat' dir='ltr'><strong>ut</strong></span> <span class='ocrx_word' id='word_1_98' title='bbox 947 615 1066 642; x_wconf 87' lang='lat' dir='ltr'><strong>nexus</strong></span> <span class='ocrx_word' id='word_1_99' title='bbox 1094 605 1368 642; x_wconf 88' lang='lat' dir='ltr'><strong>sententiarum</strong></span> <span class='ocrx_word' id='word_1_100' title='bbox 1395 605 1444 643; x_wconf 92' lang='lat' dir='ltr'><strong>sit</strong></span> <span class='ocrx_word' id='word_1_101' title='bbox 1469 605 1543 642; x_wconf 89' lang='lat' dir='ltr'><strong>hic:</strong></span> <span class='ocrx_word' id='word_1_102' title='bbox 1575 604 1710 649; x_wconf 81' lang='lat' dir='ltr'><strong>Amici,</strong></span> <span class='ocrx_word' id='word_1_103' title='bbox 1749 604 1936 653; x_wconf 90' lang='lat' dir='ltr'><strong>quomodo</strong></span> <span class='ocrx_word' id='word_1_104' title='bbox 1964 616 2005 642; x_wconf 90' lang='lat' dir='ltr'><strong>se</strong></span> <span class='ocrx_word' id='word_1_105' title='bbox 2031 605 2068 641; x_wconf 90' lang='lat' dir='ltr'><strong>in</strong></span> <span class='ocrx_word' id='word_1_106' title='bbox 2105 606 2294 640; x_wconf 87' lang='lat' dir='ltr'><strong>oratorem</strong></span> 
     </span>
     <span class='ocr_line' id='line_1_10' title="bbox 166 661 2294 712; baseline -0 -12"><span class='ocrx_word' id='word_1_107' title='bbox 166 662 370 709; x_wconf 82' lang='lat' dir='ltr'><strong>gesserint,</strong></span> <span class='ocrx_word' id='word_1_108' title='bbox 395 662 601 699; x_wconf 89' lang='lat' dir='ltr'><strong>ostendunt</strong></span> <span class='ocrx_word' id='word_1_109' title='bbox 625 661 823 710; x_wconf 84' lang='lat' dir='ltr'><strong>perfidiam</strong></span> <span class='ocrx_word' id='word_1_110' title='bbox 850 667 888 700; x_wconf 92' lang='lat' dir='ltr'><strong>et</strong></span> <span class='ocrx_word' id='word_1_111' title='bbox 912 670 1096 700; x_wconf 86' lang='lat' dir='ltr'><strong>accusant</strong></span> <span class='ocrx_word' id='word_1_112' title='bbox 1132 676 1172 701; x_wconf 90' lang='lat' dir='ltr'><strong>se</strong></span> <span class='ocrx_word' id='word_1_113' title='bbox 1200 664 1318 712; x_wconf 88' lang='lat' dir='ltr'><strong>ipsos.</strong></span> <span class='ocrx_word' id='word_1_114' title='bbox 1370 664 1466 702; x_wconf 85' lang='lat' dir='ltr'><strong>Nam</strong></span> <span class='ocrx_word' id='word_1_115' title='bbox 1494 676 1578 701; x_wconf 86' lang='lat' dir='ltr'><strong>cum</strong></span> <span class='ocrx_word' id='word_1_116' title='bbox 1606 668 1735 700; x_wconf 87' lang='lat' dir='ltr'><strong>orator</strong></span> <span class='ocrx_word' id='word_1_117' title='bbox 1762 664 1876 701; x_wconf 88' lang='lat' dir='ltr'><strong>sociis</strong></span> <span class='ocrx_word' id='word_1_118' title='bbox 1902 663 2148 701; x_wconf 81' lang='lat' dir='ltr'><strong>suadentibus</strong></span> <span class='ocrx_word' id='word_1_119' title='bbox 2175 662 2294 700; x_wconf 91' lang='lat' dir='ltr'><strong>detri-</strong></span> 
     </span>
     <span class='ocr_line' id='line_1_11' title="bbox 166 720 2295 773; baseline 0 -15"><span class='ocrx_word' id='word_1_120' title='bbox 166 724 336 759; x_wconf 85' lang='lat' dir='ltr'><strong>mentum</strong></span> <span class='ocrx_word' id='word_1_121' title='bbox 364 721 555 770; x_wconf 85' lang='lat' dir='ltr'><strong>acciperet</strong></span> <span class='ocrx_word' id='word_1_122' title='bbox 580 720 753 769; x_wconf 86' lang='lat' dir='ltr'><strong>privatus</strong></span> <span class='ocrx_word' id='word_1_123' title='bbox 778 720 974 759; x_wconf 87' lang='lat' dir='ltr'><strong>duodecim</strong></span> <span class='ocrx_word' id='word_1_124' title='bbox 1000 722 1112 760; x_wconf 87' lang='lat' dir='ltr'><strong>minis</strong></span> <span class='ocrx_word' id='word_1_125' title='bbox 1139 734 1258 772; x_wconf 85' lang='lat' dir='ltr'><strong>neque</strong></span> <span class='ocrx_word' id='word_1_126' title='bbox 1288 723 1493 773; x_wconf 87' lang='lat' dir='ltr'><strong>quidquam</strong></span> <span class='ocrx_word' id='word_1_127' title='bbox 1515 721 1609 770; x_wconf 89' lang='lat' dir='ltr'><strong>justi</strong></span> <span class='ocrx_word' id='word_1_128' title='bbox 1637 721 1685 759; x_wconf 89' lang='lat' dir='ltr'><strong>ad</strong></span> <span class='ocrx_word' id='word_1_129' title='bbox 1708 721 1855 770; x_wconf 89' lang='lat' dir='ltr'><strong>judices</strong></span> <span class='ocrx_word' id='word_1_130' title='bbox 1883 722 2008 761; x_wconf 90' lang='lat' dir='ltr'><strong>dicere</strong></span> <span class='ocrx_word' id='word_1_131' title='bbox 2033 725 2175 772; x_wconf 89' lang='lat' dir='ltr'><strong>posset,</strong></span> <span class='ocrx_word' id='word_1_132' title='bbox 2202 720 2295 759; x_wconf 91' lang='lat' dir='ltr'><strong>socii</strong></span> 
     </span>
     <span class='ocr_line' id='line_1_12' title="bbox 166 778 2294 832; baseline -0.001 -14"><span class='ocrx_word' id='word_1_133' title='bbox 166 783 360 818; x_wconf 79' lang='lat' dir='ltr'><strong>oratorem</strong></span> <span class='ocrx_word' id='word_1_134' title='bbox 386 790 460 817; x_wconf 91' lang='lat' dir='ltr'><strong>nou</strong></span> <span class='ocrx_word' id='word_1_135' title='bbox 485 778 666 827; x_wconf 83' lang='lat' dir='ltr'><strong>adjuvare</strong></span> <span class='ocrx_word' id='word_1_136' title='bbox 694 785 900 828; x_wconf 90' lang='lat' dir='ltr'><strong>potuerunt</strong></span> <span class='ocrx_word' id='word_1_137' title='bbox 926 793 980 823; x_wconf 73' lang='lat' dir='ltr'><strong>eo.</strong></span> <span class='ocrx_word' id='word_1_138' title='bbox 1009 794 1079 832; x_wconf 92' lang='lat' dir='ltr'><strong>quo</strong></span> <span class='ocrx_word' id='word_1_139' title='bbox 1107 783 1239 819; x_wconf 86' lang='lat' dir='ltr'><strong>amieis</strong></span> <span class='ocrx_word' id='word_1_140' title='bbox 1265 794 1335 832; x_wconf 79' lang='lat' dir='ltr'><strong>par</strong></span> <span class='ocrx_word' id='word_1_141' title='bbox 1361 787 1455 829; x_wconf 88' lang='lat' dir='ltr'><strong>erat,</strong></span> <span class='ocrx_word' id='word_1_142' title='bbox 1482 782 1635 819; x_wconf 83' lang='lat' dir='ltr'><strong>auxilie.</strong></span> <span class='ocrx_word' id='word_1_143' title='bbox 1687 780 1755 824; x_wconf 89' lang='lat' dir='ltr'><strong>Qui</strong></span> <span class='ocrx_word' id='word_1_144' title='bbox 1780 782 1984 830; x_wconf 88' lang='lat' dir='ltr'><strong>requiritur</strong></span> <span class='ocrx_word' id='word_1_145' title='bbox 2011 793 2155 826; x_wconf 90' lang='lat' dir='ltr'><strong>sensus,</strong></span> <span class='ocrx_word' id='word_1_146' title='bbox 2184 781 2294 817; x_wconf 89' lang='lat' dir='ltr'><strong>resti-</strong></span> 
     </span>
     <span class='ocr_line' id='line_1_13' title="bbox 173 839 2302 889; baseline 0 -12"><span class='ocrx_word' id='word_1_147' title='bbox 173 840 297 877; x_wconf 89' lang='lat' dir='ltr'><strong>tuitur</strong></span> <span class='ocrx_word' id='word_1_148' title='bbox 324 839 447 877; x_wconf 89' lang='lat' dir='ltr'><strong>verbis</strong></span> <span class='ocrx_word' id='word_1_149' title='bbox 475 839 628 876; x_wconf 89' lang='lat' dir='ltr'><strong>traditis</strong></span> <span class='ocrx_word' id='word_1_150' title='bbox 655 851 729 876; x_wconf 90' lang='lat' dir='ltr'><strong>non</strong></span> <span class='ocrx_word' id='word_1_151' title='bbox 745 839 853 878; x_wconf 89' lang='lat' dir='ltr'><strong>valde</strong></span> <span class='ocrx_word' id='word_1_152' title='bbox 881 843 1034 879; x_wconf 89' lang='lat' dir='ltr'><strong>mutatis</strong></span> <span class='ocrx_word' id='word_1_153' title='bbox 1062 848 1100 878; x_wconf 91' lang='lat' dir='ltr'><strong>et</strong></span> <span class='ocrx_word' id='word_1_154' title='bbox 1126 842 1194 879; x_wconf 90' lang='lat' dir='ltr'><strong>hoc</strong></span> <span class='ocrx_word' id='word_1_155' title='bbox 1212 841 1323 881; x_wconf 89' lang='lat' dir='ltr'><strong>modo</strong></span> <span class='ocrx_word' id='word_1_156' title='bbox 1349 842 1476 880; x_wconf 87' lang='lat' dir='ltr'><strong>lectis:</strong></span> <span class='ocrx_word' id='word_1_157' title='bbox 1502 840 1535 878; x_wconf 84' lang='grc' dir='ltr'><strong>εἰ</strong></span> <span class='ocrx_word' id='word_1_158' title='bbox 1560 840 1631 889; x_wconf 84' lang='grc' dir='ltr'><strong>γὰρ</strong></span> <span class='ocrx_word' id='word_1_159' title='bbox 1658 839 1732 889; x_wconf 87' lang='grc' dir='ltr'><em>ἄρα</em></span> <span class='ocrx_word' id='word_1_160' title='bbox 1755 840 1862 889; x_wconf 86' lang='grc' dir='ltr'><em>παρὰ</em></span> <span class='ocrx_word' id='word_1_161' title='bbox 1886 841 2039 879; x_wconf 85' lang='grc' dir='ltr'><em>τούτων</em></span> <span class='ocrx_word' id='word_1_162' title='bbox 2062 839 2302 889; x_wconf 79' lang='grc' dir='ltr'><em>ἀδικουμένῳ</em></span> 
     </span>
     <span class='ocr_line' id='line_1_14' title="bbox 165 895 2298 949; baseline -0 -12"><span class='ocrx_word' id='word_1_163' title='bbox 165 912 234 948; x_wconf 91' lang='grc' dir='ltr'><em>μοι</em></span> <span class='ocrx_word' id='word_1_164' title='bbox 259 898 377 948; x_wconf 83' lang='grc' dir='ltr'><em>μηδὲν</em></span> <span class='ocrx_word' id='word_1_165' title='bbox 401 895 449 948; x_wconf 82' lang='grc' dir='ltr'><em>ἦν</em></span> <span class='ocrx_word' id='word_1_166' title='bbox 464 898 616 936; x_wconf 84' lang='grc' dir='ltr'><em>δίκαιον</em></span> <span class='ocrx_word' id='word_1_167' title='bbox 640 897 775 944; x_wconf 81' lang='grc' dir='ltr'><em>εἰπεῖν,</em></span> <span class='ocrx_word' id='word_1_168' title='bbox 801 897 824 949; x_wconf 80' lang='grc' dir='ltr'><em>ἧ</em></span> <span class='ocrx_word' id='word_1_169' title='bbox 850 914 929 938; x_wconf 91' lang='grc' dir='ltr'><strong>που</strong></span> <span class='ocrx_word' id='word_1_170' title='bbox 954 903 1082 945; x_wconf 84' lang='grc' dir='ltr'><em>καλῶς</em></span> <span class='ocrx_word' id='word_1_171' title='bbox 1108 901 1387 949; x_wconf 75' lang='grc' dir='ltr'><strong><em>συνέπραττον,</em></strong></span> <span class='ocrx_word' id='word_1_172' title='bbox 1413 912 1508 948; x_wconf 84' lang='lat' dir='ltr'><strong>quae</strong></span> <span class='ocrx_word' id='word_1_173' title='bbox 1526 900 1641 936; x_wconf 84' lang='lat' dir='ltr'><strong>verba</strong></span> <span class='ocrx_word' id='word_1_174' title='bbox 1668 910 1734 948; x_wconf 89' lang='lat' dir='ltr'><strong>per</strong></span> <span class='ocrx_word' id='word_1_175' title='bbox 1754 899 1914 937; x_wconf 84' lang='lat' dir='ltr'><strong>ironiam</strong></span> <span class='ocrx_word' id='word_1_176' title='bbox 1937 899 2041 938; x_wconf 87' lang='lat' dir='ltr'><strong>dicta</strong></span> <span class='ocrx_word' id='word_1_177' title='bbox 2058 904 2146 937; x_wconf 93' lang='lat' dir='ltr'><strong>sunt</strong></span> <span class='ocrx_word' id='word_1_178' title='bbox 2169 902 2298 942; x_wconf 84' lang='grc' dir='ltr'><em>καλῶς</em></span> 
     </span>
     <span class='ocr_line' id='line_1_15' title="bbox 165 957 2296 1005; baseline 0.001 -12"><span class='ocrx_word' id='word_1_179' title='bbox 165 958 191 995; x_wconf 88' lang='lat' dir='ltr'><strong>i.</strong></span> <span class='ocrx_word' id='word_1_180' title='bbox 218 969 250 995; x_wconf 90' lang='lat' dir='ltr'><strong>e.</strong></span> <span class='ocrx_word' id='word_1_181' title='bbox 284 962 425 999; x_wconf 86' lang='grc' dir='ltr'><em>κακῶς.</em></span> <span class='ocrx_word' id='word_1_182' title='bbox 476 957 600 993; x_wconf 89' lang='lat' dir='ltr'><strong>Amici</strong></span> <span class='ocrx_word' id='word_1_183' title='bbox 636 958 770 1005; x_wconf 87' lang='lat' dir='ltr'><strong>perfidi</strong></span> <span class='ocrx_word' id='word_1_184' title='bbox 806 970 880 994; x_wconf 91' lang='lat' dir='ltr'><strong>non</strong></span> <span class='ocrx_word' id='word_1_185' title='bbox 912 959 1024 995; x_wconf 87' lang='lat' dir='ltr'><strong>modo</strong></span> <span class='ocrx_word' id='word_1_186' title='bbox 1058 967 1244 996; x_wconf 88' lang='lat' dir='ltr'><strong>oratorem</strong></span> <span class='ocrx_word' id='word_1_187' title='bbox 1282 959 1479 996; x_wconf 89' lang='lat' dir='ltr'><strong>calumniis</strong></span> <span class='ocrx_word' id='word_1_188' title='bbox 1507 958 1734 1000; x_wconf 83' lang='lat' dir='ltr'><strong>afficiebant,</strong></span> <span class='ocrx_word' id='word_1_189' title='bbox 1770 959 1837 995; x_wconf 91' lang='lat' dir='ltr'><strong>sed</strong></span> <span class='ocrx_word' id='word_1_190' title='bbox 1873 960 1986 995; x_wconf 87' lang='lat' dir='ltr'><strong>etiam</strong></span> <span class='ocrx_word' id='word_1_191' title='bbox 2018 959 2213 1005; x_wconf 84' lang='lat' dir='ltr'><strong>agitabant</strong></span> <span class='ocrx_word' id='word_1_192' title='bbox 2249 979 2296 985; x_wconf 90' lang='lat'>—</span> 
     </span>
     <span class='ocr_line' id='line_1_16' title="bbox 167 1013 2294 1068; baseline 0 -14"><span class='ocrx_word' id='word_1_193' title='bbox 167 1015 311 1055; x_wconf 89' lang='lat' dir='ltr'><strong>codicis</strong></span> <span class='ocrx_word' id='word_1_194' title='bbox 337 1015 500 1053; x_wconf 88' lang='lat' dir='ltr'><strong>lectione</strong></span> <span class='ocrx_word' id='word_1_195' title='bbox 533 1013 803 1065; x_wconf 80' lang='grc' dir='ltr'><em>ἀντέπραττον</em></span> <span class='ocrx_word' id='word_1_196' title='bbox 829 1021 983 1056; x_wconf 89' lang='lat' dir='ltr'><strong>servata</strong></span> <span class='ocrx_word' id='word_1_197' title='bbox 1008 1030 1126 1068; x_wconf 90' lang='lat' dir='ltr'><strong>neque</strong></span> <span class='ocrx_word' id='word_1_198' title='bbox 1154 1030 1238 1057; x_wconf 89' lang='lat' dir='ltr'><strong>cum</strong></span> <span class='ocrx_word' id='word_1_199' title='bbox 1267 1017 1443 1068; x_wconf 87' lang='lat' dir='ltr'><strong>Emperio</strong></span> <span class='ocrx_word' id='word_1_200' title='bbox 1481 1017 1517 1054; x_wconf 88' lang='lat' dir='ltr'><strong>in</strong></span> <span class='ocrx_word' id='word_1_201' title='bbox 1544 1015 1751 1066; x_wconf 82' lang='grc' dir='ltr'><em>ἀντέλεγον</em></span> <span class='ocrx_word' id='word_1_202' title='bbox 1783 1021 1931 1055; x_wconf 84' lang='lat' dir='ltr'><strong>mutata</strong></span> <span class='ocrx_word' id='word_1_203' title='bbox 1965 1040 2010 1045; x_wconf 89' lang='lat'>—</span> <span class='ocrx_word' id='word_1_204' title='bbox 2049 1021 2091 1055; x_wconf 67' lang='lat' dir='ltr'><strong>‘ut</strong></span> <span class='ocrx_word' id='word_1_205' title='bbox 2125 1016 2294 1066; x_wconf 85' lang='lat' dir='ltr'><strong>Polycles</strong></span> 
     </span>
     <span class='ocr_line' id='line_1_17' title="bbox 167 1074 948 1114; baseline 0.004 -4"><span class='ocrx_word' id='word_1_206' title='bbox 167 1074 215 1111; x_wconf 89' lang='lat' dir='ltr'><strong>de</strong></span> <span class='ocrx_word' id='word_1_207' title='bbox 242 1075 368 1112; x_wconf 82' lang='lat' dir='ltr'><strong>causis</strong></span> <span class='ocrx_word' id='word_1_208' title='bbox 397 1075 562 1112; x_wconf 89' lang='lat' dir='ltr'><strong>oratoris</strong></span> <span class='ocrx_word' id='word_1_209' title='bbox 589 1077 731 1112; x_wconf 87' lang='lat' dir='ltr'><strong>certior</strong></span> <span class='ocrx_word' id='word_1_210' title='bbox 758 1077 875 1114; x_wconf 89' lang='lat' dir='ltr'><strong>fieret.</strong></span> <span class='ocrx_word' id='word_1_211' title='bbox 909 1099 948 1103; x_wconf 82' lang='lat'><strong>—-</strong></span> 
     </span>
    </p>

    <p class='ocr_par' dir='ltr' id='par_1_3' title="bbox 162 1132 2302 2249">
     <span class='ocr_line' id='line_1_18' title="bbox 343 1132 2292 1186; baseline -0.001 -14"><span class='ocrx_word' id='word_1_212' title='bbox 343 1132 445 1179; x_wconf 88' lang='lat' dir='ltr'><strong>Quae</strong></span> <span class='ocrx_word' id='word_1_213' title='bbox 473 1135 600 1173; x_wconf 85' lang='lat' dir='ltr'><strong>omnia</strong></span> <span class='ocrx_word' id='word_1_214' title='bbox 626 1147 755 1174; x_wconf 87' lang='lat' dir='ltr'><strong>coram</strong></span> <span class='ocrx_word' id='word_1_215' title='bbox 782 1135 961 1174; x_wconf 84' lang='lat' dir='ltr'><strong>diaetetis</strong></span> <span class='ocrx_word' id='word_1_216' title='bbox 989 1136 1181 1186; x_wconf 85' lang='lat' dir='ltr'><strong>patefacta</strong></span> <span class='ocrx_word' id='word_1_217' title='bbox 1215 1141 1312 1184; x_wconf 90' lang='lat' dir='ltr'><strong>sunt,</strong></span> <span class='ocrx_word' id='word_1_218' title='bbox 1340 1137 1482 1186; x_wconf 88' lang='lat' dir='ltr'><strong>optime</strong></span> <span class='ocrx_word' id='word_1_219' title='bbox 1502 1134 1743 1173; x_wconf 87' lang='lat' dir='ltr'><strong>consentiunt</strong></span> <span class='ocrx_word' id='word_1_220' title='bbox 1771 1146 1854 1174; x_wconf 91' lang='lat' dir='ltr'><strong>cum</strong></span> <span class='ocrx_word' id='word_1_221' title='bbox 1874 1135 2069 1175; x_wconf 85' lang='lat' dir='ltr'><strong>nuntiatis.</strong></span> <span class='ocrx_word' id='word_1_222' title='bbox 2123 1134 2292 1177; x_wconf 79' lang='lat' dir='ltr'><strong>Accedit,</strong></span> 
     </span>
     <span class='ocr_line' id='line_1_19' title="bbox 168 1193 2299 1244; baseline 0 -14"><span class='ocrx_word' id='word_1_223' title='bbox 168 1193 269 1242; x_wconf 88' lang='lat' dir='ltr'><strong>quod</strong></span> <span class='ocrx_word' id='word_1_224' title='bbox 296 1194 452 1231; x_wconf 92' lang='lat' dir='ltr'><strong>nuntius</strong></span> <span class='ocrx_word' id='word_1_225' title='bbox 481 1194 617 1232; x_wconf 91' lang='lat' dir='ltr'><strong>detulit</strong></span> <span class='ocrx_word' id='word_1_226' title='bbox 644 1196 787 1233; x_wconf 90' lang='lat' dir='ltr'><strong>amicos</strong></span> <span class='ocrx_word' id='word_1_227' title='bbox 814 1208 897 1233; x_wconf 87' lang='lat' dir='ltr'><strong>esse</strong></span> <span class='ocrx_word' id='word_1_228' title='bbox 918 1196 1162 1233; x_wconf 89' lang='lat' dir='ltr'><strong>dissuasuros</strong></span> <span class='ocrx_word' id='word_1_229' title='bbox 1180 1197 1352 1233; x_wconf 89' lang='lat' dir='ltr'><strong>omnibus</strong></span> <span class='ocrx_word' id='word_1_230' title='bbox 1380 1208 1455 1232; x_wconf 91' lang='lat' dir='ltr'><strong>rem</strong></span> <span class='ocrx_word' id='word_1_231' title='bbox 1484 1195 1585 1244; x_wconf 89' lang='lat' dir='ltr'><strong>apud</strong></span> <span class='ocrx_word' id='word_1_232' title='bbox 1607 1195 1754 1241; x_wconf 87' lang='lat' dir='ltr'><strong>judices</strong></span> <span class='ocrx_word' id='word_1_233' title='bbox 1779 1196 1923 1232; x_wconf 83' lang='lat' dir='ltr'><strong>acturis</strong></span> <span class='ocrx_word' id='word_1_234' title='bbox 1950 1196 2223 1243; x_wconf 90' lang='lat' dir='ltr'><strong>nonnullosque</strong></span> <span class='ocrx_word' id='word_1_235' title='bbox 2250 1195 2299 1231; x_wconf 87' lang='lat' dir='ltr'><strong>ad</strong></span> 
     </span>
     <span class='ocr_line' id='line_1_20' title="bbox 167 1253 2296 1304; baseline 0.001 -15"><span class='ocrx_word' id='word_1_236' title='bbox 167 1264 321 1290; x_wconf 86' lang='lat' dir='ltr'><strong>causam</strong></span> <span class='ocrx_word' id='word_1_237' title='bbox 351 1253 628 1291; x_wconf 80' lang='lat' dir='ltr'><strong>defendendam</strong></span> <span class='ocrx_word' id='word_1_238' title='bbox 656 1259 815 1303; x_wconf 89' lang='lat' dir='ltr'><strong>paratos</strong></span> <span class='ocrx_word' id='word_1_239' title='bbox 847 1255 925 1302; x_wconf 89' lang='lat' dir='ltr'><strong>jam</strong></span> <span class='ocrx_word' id='word_1_240' title='bbox 965 1255 1225 1304; x_wconf 86' lang='lat' dir='ltr'><strong>prohibuisse,</strong></span> <span class='ocrx_word' id='word_1_241' title='bbox 1260 1256 1459 1304; x_wconf 90' lang='lat' dir='ltr'><strong>quominus</strong></span> <span class='ocrx_word' id='word_1_242' title='bbox 1495 1260 1662 1301; x_wconf 86' lang='lat' dir='ltr'><strong>agerent.</strong></span> <span class='ocrx_word' id='word_1_243' title='bbox 1720 1253 1824 1297; x_wconf 88' lang='lat' dir='ltr'><strong>Quod</strong></span> <span class='ocrx_word' id='word_1_244' title='bbox 1857 1254 2007 1302; x_wconf 90' lang='lat' dir='ltr'><strong>quidem</strong></span> <span class='ocrx_word' id='word_1_245' title='bbox 2045 1266 2174 1292; x_wconf 89' lang='lat' dir='ltr'><strong>verum</strong></span> <span class='ocrx_word' id='word_1_246' title='bbox 2213 1265 2296 1291; x_wconf 88' lang='lat' dir='ltr'><strong>esse</strong></span> 
     </span>
     <span class='ocr_line' id='line_1_21' title="bbox 164 1312 2300 1365; baseline 0 -16"><span class='ocrx_word' id='word_1_247' title='bbox 164 1312 332 1352; x_wconf 85' lang='lat' dir='ltr'><strong>ostendit</strong></span> <span class='ocrx_word' id='word_1_248' title='bbox 358 1312 410 1359; x_wconf 90' lang='lat' dir='ltr'><strong>id,</strong></span> <span class='ocrx_word' id='word_1_249' title='bbox 437 1313 537 1363; x_wconf 91' lang='lat' dir='ltr'><strong>quod</strong></span> <span class='ocrx_word' id='word_1_250' title='bbox 554 1316 699 1352; x_wconf 83' lang='lat' dir='ltr'><strong>oratori</strong></span> <span class='ocrx_word' id='word_1_251' title='bbox 720 1327 944 1365; x_wconf 87' lang='lat' dir='ltr'><strong>responsum</strong></span> <span class='ocrx_word' id='word_1_252' title='bbox 972 1320 1030 1352; x_wconf 88' lang='lat' dir='ltr'><strong>est</strong></span> <span class='ocrx_word' id='word_1_253' title='bbox 1056 1327 1078 1352; x_wconf 81' lang='lat' dir='ltr'><strong>a</strong></span> <span class='ocrx_word' id='word_1_254' title='bbox 1093 1314 1313 1352; x_wconf 78' lang='lat' dir='ltr'><strong>Gleitodico.</strong></span> <span class='ocrx_word' id='word_1_255' title='bbox 1365 1313 1434 1357; x_wconf 86' lang='lat' dir='ltr'><strong>Qui</strong></span> <span class='ocrx_word' id='word_1_256' title='bbox 1458 1319 1615 1361; x_wconf 83' lang='lat' dir='ltr'><strong>rogatus</strong></span> <span class='ocrx_word' id='word_1_257' title='bbox 1634 1313 1679 1350; x_wconf 92' lang='lat' dir='ltr'><strong>ab</strong></span> <span class='ocrx_word' id='word_1_258' title='bbox 1695 1317 1856 1356; x_wconf 89' lang='lat' dir='ltr'><strong>oratore,</strong></span> <span class='ocrx_word' id='word_1_259' title='bbox 1877 1318 1918 1350; x_wconf 92' lang='lat' dir='ltr'><strong>ut</strong></span> <span class='ocrx_word' id='word_1_260' title='bbox 1937 1314 2037 1362; x_wconf 90' lang='lat' dir='ltr'><strong>apud</strong></span> <span class='ocrx_word' id='word_1_261' title='bbox 2055 1313 2203 1360; x_wconf 87' lang='lat' dir='ltr'><strong>judices</strong></span> <span class='ocrx_word' id='word_1_262' title='bbox 2225 1313 2300 1362; x_wconf 90' lang='lat' dir='ltr'><strong>epi-</strong></span> 
     </span>
     <span class='ocr_line' id='line_1_22' title="bbox 164 1372 2302 1421; baseline 0 -13"><span class='ocrx_word' id='word_1_263' title='bbox 164 1372 289 1420; x_wconf 83' lang='lat' dir='ltr'><strong>logum</strong></span> <span class='ocrx_word' id='word_1_264' title='bbox 319 1372 474 1418; x_wconf 90' lang='lat' dir='ltr'><strong>diceret,</strong></span> <span class='ocrx_word' id='word_1_265' title='bbox 505 1373 573 1410; x_wconf 89' lang='lat' dir='ltr'><strong>hoc</strong></span> <span class='ocrx_word' id='word_1_266' title='bbox 598 1386 683 1411; x_wconf 90' lang='lat' dir='ltr'><strong>sese</strong></span> <span class='ocrx_word' id='word_1_267' title='bbox 709 1376 895 1411; x_wconf 82' lang='lat' dir='ltr'><strong>facturum</strong></span> <span class='ocrx_word' id='word_1_268' title='bbox 925 1387 1008 1411; x_wconf 78' lang='lat' dir='ltr'><strong>esse</strong></span> <span class='ocrx_word' id='word_1_269' title='bbox 1037 1375 1200 1421; x_wconf 89' lang='lat' dir='ltr'><strong>negavit.</strong></span> <span class='ocrx_word' id='word_1_270' title='bbox 1251 1373 1371 1416; x_wconf 85' lang='lat' dir='ltr'><strong>Quam</strong></span> <span class='ocrx_word' id='word_1_271' title='bbox 1399 1386 1488 1416; x_wconf 88' lang='lat' dir='ltr'><strong>rem,</strong></span> <span class='ocrx_word' id='word_1_272' title='bbox 1516 1386 1599 1410; x_wconf 94' lang='lat' dir='ltr'><strong>cum</strong></span> <span class='ocrx_word' id='word_1_273' title='bbox 1622 1385 1693 1409; x_wconf 89' lang='lat' dir='ltr'><strong>non</strong></span> <span class='ocrx_word' id='word_1_274' title='bbox 1721 1372 1873 1410; x_wconf 86' lang='lat' dir='ltr'><strong>adesset</strong></span> <span class='ocrx_word' id='word_1_275' title='bbox 1889 1384 1931 1408; x_wconf 85' lang='lat' dir='ltr'><strong>eo</strong></span> <span class='ocrx_word' id='word_1_276' title='bbox 1948 1380 2129 1420; x_wconf 85' lang='lat' dir='ltr'><strong>tempore.</strong></span> <span class='ocrx_word' id='word_1_277' title='bbox 2160 1384 2231 1420; x_wconf 92' lang='lat' dir='ltr'><strong>quo</strong></span> <span class='ocrx_word' id='word_1_278' title='bbox 2259 1384 2302 1409; x_wconf 90' lang='lat' dir='ltr'><strong>ea</strong></span> 
     </span>
     <span class='ocr_line' id='line_1_23' title="bbox 165 1427 2298 1482; baseline 0 -14"><span class='ocrx_word' id='word_1_279' title='bbox 165 1437 254 1469; x_wconf 85' lang='lat' dir='ltr'><strong>acta</strong></span> <span class='ocrx_word' id='word_1_280' title='bbox 275 1436 395 1477; x_wconf 88' lang='lat' dir='ltr'><strong>erant,</strong></span> <span class='ocrx_word' id='word_1_281' title='bbox 423 1432 535 1468; x_wconf 91' lang='lat' dir='ltr'><strong>modo</strong></span> <span class='ocrx_word' id='word_1_282' title='bbox 552 1444 574 1469; x_wconf 88' lang='lat' dir='ltr'><strong>a</strong></span> <span class='ocrx_word' id='word_1_283' title='bbox 590 1432 783 1471; x_wconf 88' lang='lat' dir='ltr'><strong>sodalibus</strong></span> <span class='ocrx_word' id='word_1_284' title='bbox 810 1434 1020 1482; x_wconf 82' lang='lat' dir='ltr'><strong>comperire</strong></span> <span class='ocrx_word' id='word_1_285' title='bbox 1041 1438 1203 1481; x_wconf 84' lang='lat' dir='ltr'><strong>poterat.</strong></span> <span class='ocrx_word' id='word_1_286' title='bbox 1244 1433 1418 1470; x_wconf 86' lang='lat' dir='ltr'><strong>Dubitari</strong></span> <span class='ocrx_word' id='word_1_287' title='bbox 1435 1438 1572 1481; x_wconf 81' lang='lat' dir='ltr'><strong>potest,</strong></span> <span class='ocrx_word' id='word_1_288' title='bbox 1591 1444 1696 1481; x_wconf 74' lang='lat' dir='ltr'><strong>quem</strong></span> <span class='ocrx_word' id='word_1_289' title='bbox 1718 1432 1903 1479; x_wconf 85' lang='lat' dir='ltr'><strong>significet</strong></span> <span class='ocrx_word' id='word_1_290' title='bbox 1927 1427 1999 1480; x_wconf 78' lang='grc' dir='ltr'><strong>ᾔδη</strong></span> <span class='ocrx_word' id='word_1_291' title='bbox 2024 1431 2111 1469; x_wconf 71' lang='grc' dir='ltr'><em>πότ’</em></span> <span class='ocrx_word' id='word_1_292' title='bbox 2140 1430 2298 1475; x_wconf 74' lang='grc' dir='ltr'><em>ἐκεῖνος,</em></span> 
     </span>
     <span class='ocr_line' id='line_1_24' title="bbox 165 1489 2297 1541; baseline -0 -15"><span class='ocrx_word' id='word_1_293' title='bbox 165 1489 317 1539; x_wconf 89' lang='lat' dir='ltr'><strong>Optime</strong></span> <span class='ocrx_word' id='word_1_294' title='bbox 346 1490 439 1528; x_wconf 87' lang='lat' dir='ltr'><strong>haec</strong></span> <span class='ocrx_word' id='word_1_295' title='bbox 479 1492 594 1529; x_wconf 87' lang='lat' dir='ltr'><strong>verba</strong></span> <span class='ocrx_word' id='word_1_296' title='bbox 623 1492 756 1529; x_wconf 83' lang='lat' dir='ltr'><strong>referri</strong></span> <span class='ocrx_word' id='word_1_297' title='bbox 783 1497 945 1541; x_wconf 89' lang='lat' dir='ltr'><strong>possunt</strong></span> <span class='ocrx_word' id='word_1_298' title='bbox 983 1492 1030 1528; x_wconf 87' lang='lat' dir='ltr'><strong>ad</strong></span> <span class='ocrx_word' id='word_1_299' title='bbox 1069 1492 1252 1530; x_wconf 87' lang='lat' dir='ltr'><strong>nuntium.</strong></span> <span class='ocrx_word' id='word_1_300' title='bbox 1306 1491 1431 1528; x_wconf 81' lang='lat' dir='ltr'><strong>Verba</strong></span> <span class='ocrx_word' id='word_1_301' title='bbox 1458 1493 1513 1529; x_wconf 87' lang='lat' dir='ltr'><strong>sic</strong></span> <span class='ocrx_word' id='word_1_302' title='bbox 1548 1492 1739 1528; x_wconf 82' lang='lat' dir='ltr'><strong>intellecta</strong></span> <span class='ocrx_word' id='word_1_303' title='bbox 1767 1491 1909 1539; x_wconf 87' lang='lat' dir='ltr'><strong>optime</strong></span> <span class='ocrx_word' id='word_1_304' title='bbox 1946 1490 2189 1527; x_wconf 89' lang='lat' dir='ltr'><strong>consentiunt</strong></span> <span class='ocrx_word' id='word_1_305' title='bbox 2215 1500 2297 1526; x_wconf 91' lang='lat' dir='ltr'><strong>cum</strong></span> 
     </span>
     <span class='ocr_line' id='line_1_25' title="bbox 166 1547 2301 1600; baseline 0 -14"><span class='ocrx_word' id='word_1_306' title='bbox 166 1552 190 1595; x_wconf 65' lang='grc' dir='ltr'>ξ</span> <span class='ocrx_word' id='word_1_307' title='bbox 216 1550 251 1587; x_wconf 89' lang='grc'><strong>9.</strong></span> <span class='ocrx_word' id='word_1_308' title='bbox 277 1551 342 1586; x_wconf 88' lang='grc' dir='ltr'><strong>καὶ</strong></span> <span class='ocrx_word' id='word_1_309' title='bbox 367 1556 489 1587; x_wconf 86' lang='grc' dir='ltr'><em>ταῦτα</em></span> <span class='ocrx_word' id='word_1_310' title='bbox 514 1551 547 1588; x_wconf 89' lang='grc' dir='ltr'><strong>εἰ</strong></span> <span class='ocrx_word' id='word_1_311' title='bbox 570 1552 643 1599; x_wconf 85' lang='grc' dir='ltr'><em>μὲν</em></span> <span class='ocrx_word' id='word_1_312' title='bbox 668 1553 871 1600; x_wconf 79' lang='grc' dir='ltr'><em>ἠπίστουν,</em></span> <span class='ocrx_word' id='word_1_313' title='bbox 897 1552 1104 1598; x_wconf 68' lang='grc' dir='ltr'><em>ἐξελέγχειν</em></span> <span class='ocrx_word' id='word_1_314' title='bbox 1129 1550 1177 1588; x_wconf 76' lang='grc' dir='ltr'><em>ἄν</em></span> <span class='ocrx_word' id='word_1_315' title='bbox 1204 1551 1366 1599; x_wconf 74' lang='grc' dir='ltr'><em>ἐζήτουν</em></span> <span class='ocrx_word' id='word_1_316' title='bbox 1393 1556 1430 1587; x_wconf 84' lang='lat' dir='ltr'><strong>et</strong></span> <span class='ocrx_word' id='word_1_317' title='bbox 1456 1550 1698 1598; x_wconf 84' lang='lat' dir='ltr'><strong>sequentibus</strong></span> <span class='ocrx_word' id='word_1_318' title='bbox 1724 1550 1849 1586; x_wconf 84' lang='lat' dir='ltr'><strong>verbis</strong></span> <span class='ocrx_word' id='word_1_319' title='bbox 1886 1551 1908 1595; x_wconf 68' lang='grc' dir='ltr'>ἓ</span> <span class='ocrx_word' id='word_1_320' title='bbox 1938 1553 1982 1587; x_wconf 88' lang='grc'><strong>13</strong></span> <span class='ocrx_word' id='word_1_321' title='bbox 2009 1547 2142 1587; x_wconf 80' lang='grc' dir='ltr'><em>ἔπειτα</em></span> <span class='ocrx_word' id='word_1_322' title='bbox 2166 1549 2301 1597; x_wconf 79' lang='grc' dir='ltr'><em>κέρδος</em></span> 
     </span>
     <span class='ocr_line' id='line_1_26' title="bbox 164 1605 2299 1659; baseline -0.001 -14"><span class='ocrx_word' id='word_1_323' title='bbox 164 1605 213 1658; x_wconf 80' lang='grc' dir='ltr'><em>ἦν</em></span> <span class='ocrx_word' id='word_1_324' title='bbox 238 1606 345 1657; x_wconf 82' lang='grc' dir='ltr'><em>αὐτῷ</em></span> <span class='ocrx_word' id='word_1_325' title='bbox 371 1608 592 1654; x_wconf 77' lang='grc' dir='ltr'><em>διαβάλλειν</em></span> <span class='ocrx_word' id='word_1_326' title='bbox 619 1609 683 1659; x_wconf 79' lang='grc' dir='ltr'><strong>ἐμὲ</strong></span> <span class='ocrx_word' id='word_1_327' title='bbox 708 1610 808 1659; x_wconf 86' lang='grc' dir='ltr'><em>πρὸς</em></span> <span class='ocrx_word' id='word_1_328' title='bbox 822 1608 919 1659; x_wconf 80' lang='grc' dir='ltr'><em>ὑμᾶς</em></span> <span class='ocrx_word' id='word_1_329' title='bbox 937 1608 1042 1647; x_wconf 75' lang='grc' dir='ltr'><em>οὕτω</em></span> <span class='ocrx_word' id='word_1_330' title='bbox 1062 1610 1289 1658; x_wconf 80' lang='grc' dir='ltr'><em>προθύμως,</em></span> <span class='ocrx_word' id='word_1_331' title='bbox 1309 1607 1407 1646; x_wconf 86' lang='grc' dir='ltr'><em>ὥστε</em></span> <span class='ocrx_word' id='word_1_332' title='bbox 1440 1610 1653 1646; x_wconf 80' lang='grc' dir='ltr'><em>σπουδάσαι</em></span> <span class='ocrx_word' id='word_1_333' title='bbox 1688 1609 1787 1656; x_wconf 86' lang='grc' dir='ltr'><em>πρὸς</em></span> <span class='ocrx_word' id='word_1_334' title='bbox 1814 1607 1905 1649; x_wconf 79' lang='grc' dir='ltr'><em>τοὺς</em></span> <span class='ocrx_word' id='word_1_335' title='bbox 1935 1607 2048 1654; x_wconf 80' lang='grc' dir='ltr'><em>ἐμοὺς</em></span> <span class='ocrx_word' id='word_1_336' title='bbox 2067 1607 2299 1655; x_wconf 81' lang='grc' dir='ltr'><em>ἀναγκαίους</em></span> 
     </span>
     <span class='ocr_line' id='line_1_27' title="bbox 164 1666 2298 1717; baseline -0.001 -11"><span class='ocrx_word' id='word_1_337' title='bbox 164 1669 389 1706; x_wconf 77' lang='grc' dir='ltr'><em>πλάσασθαι</em></span> <span class='ocrx_word' id='word_1_338' title='bbox 413 1674 562 1712; x_wconf 86' lang='grc' dir='ltr'><em>ταῦτα,·</em></span> <span class='ocrx_word' id='word_1_339' title='bbox 588 1676 731 1717; x_wconf 90' lang='lat' dir='ltr'><strong>quanta</strong></span> <span class='ocrx_word' id='word_1_340' title='bbox 762 1671 915 1706; x_wconf 86' lang='lat' dir='ltr'><strong>nuntius</strong></span> <span class='ocrx_word' id='word_1_341' title='bbox 944 1670 1014 1706; x_wconf 89' lang='lat' dir='ltr'><strong>fide</strong></span> <span class='ocrx_word' id='word_1_342' title='bbox 1036 1675 1073 1706; x_wconf 91' lang='lat' dir='ltr'><strong>et</strong></span> <span class='ocrx_word' id='word_1_343' title='bbox 1100 1670 1256 1706; x_wconf 88' lang='lat' dir='ltr'><strong>veritate</strong></span> <span class='ocrx_word' id='word_1_344' title='bbox 1278 1669 1519 1713; x_wconf 83' lang='lat' dir='ltr'><strong>nuntiaverit,</strong></span> <span class='ocrx_word' id='word_1_345' title='bbox 1546 1668 1747 1705; x_wconf 79' lang='lat' dir='ltr'><strong>ostendere</strong></span> <span class='ocrx_word' id='word_1_346' title='bbox 1767 1672 1925 1705; x_wconf 83' lang='lat' dir='ltr'><strong>conatur</strong></span> <span class='ocrx_word' id='word_1_347' title='bbox 1941 1671 2069 1704; x_wconf 82' lang='lat' dir='ltr'><strong>orator</strong></span> <span class='ocrx_word' id='word_1_348' title='bbox 2096 1679 2164 1715; x_wconf 89' lang='lat' dir='ltr'><strong>per</strong></span> <span class='ocrx_word' id='word_1_349' title='bbox 2183 1666 2298 1704; x_wconf 83' lang='lat' dir='ltr'><strong>verba</strong></span> 
     </span>
     <span class='ocr_line' id='line_1_28' title="bbox 166 1720 2296 1777; baseline -0.002 -12"><span class='ocrx_word' id='word_1_350' title='bbox 166 1728 189 1774; x_wconf 66' lang='grc' dir='ltr'>ξ</span> <span class='ocrx_word' id='word_1_351' title='bbox 217 1729 262 1765; x_wconf 83' lang='lat'><strong>12</strong></span> <span class='ocrx_word' id='word_1_352' title='bbox 289 1720 365 1775; x_wconf 82' lang='grc' dir='ltr'><strong>ἆρά</strong></span> <span class='ocrx_word' id='word_1_353' title='bbox 391 1740 432 1776; x_wconf 90' lang='grc' dir='ltr'><strong>γε</strong></span> <span class='ocrx_word' id='word_1_354' title='bbox 457 1732 581 1766; x_wconf 86' lang='grc' dir='ltr'><em>ταῦτα</em></span> <span class='ocrx_word' id='word_1_355' title='bbox 615 1730 815 1777; x_wconf 70' lang='grc' dir='ltr'><em>ξυμβαίνει</em></span> <span class='ocrx_word' id='word_1_356' title='bbox 839 1737 922 1772; x_wconf 78' lang='grc' dir='ltr'><em>τοῖς</em></span> <span class='ocrx_word' id='word_1_357' title='bbox 947 1727 1298 1777; x_wconf 79' lang='grc' dir='ltr'><em>ἀπαγγελλομένοις</em></span> <span class='ocrx_word' id='word_1_358' title='bbox 1310 1742 1321 1772; x_wconf 94' lang='grc'><strong>,·</strong></span> <span class='ocrx_word' id='word_1_359' title='bbox 1350 1732 1387 1764; x_wconf 91' lang='lat' dir='ltr'><strong>et</strong></span> <span class='ocrx_word' id='word_1_360' title='bbox 1413 1739 1467 1767; x_wconf 73' lang='lat' dir='ltr'><strong>ea,</strong></span> <span class='ocrx_word' id='word_1_361' title='bbox 1494 1739 1590 1777; x_wconf 83' lang='lat' dir='ltr'><strong>quae</strong></span> <span class='ocrx_word' id='word_1_362' title='bbox 1618 1734 1837 1776; x_wconf 86' lang='lat' dir='ltr'><strong>sequuntur.</strong></span> <span class='ocrx_word' id='word_1_363' title='bbox 1889 1725 2088 1764; x_wconf 83' lang='lat' dir='ltr'><strong>Sermones</strong></span> <span class='ocrx_word' id='word_1_364' title='bbox 2116 1738 2138 1762; x_wconf 89' lang='lat' dir='ltr'><strong>a</strong></span> <span class='ocrx_word' id='word_1_365' title='bbox 2165 1726 2296 1762; x_wconf 80' lang='lat' dir='ltr'><strong>nuntio</strong></span> 
     </span>
     <span class='ocr_line' id='line_1_29' title="bbox 166 1784 2298 1836; baseline -0.001 -13"><span class='ocrx_word' id='word_1_366' title='bbox 166 1797 250 1823; x_wconf 88' lang='lat' dir='ltr'><strong>esse</strong></span> <span class='ocrx_word' id='word_1_367' title='bbox 276 1787 451 1824; x_wconf 91' lang='lat' dir='ltr'><strong>inventos</strong></span> <span class='ocrx_word' id='word_1_368' title='bbox 474 1784 552 1824; x_wconf 76' lang='lat' dir='ltr'><strong>&#39;non</strong></span> <span class='ocrx_word' id='word_1_369' title='bbox 580 1797 650 1834; x_wconf 85' lang='lat' dir='ltr'><strong>est,</strong></span> <span class='ocrx_word' id='word_1_370' title='bbox 688 1800 756 1825; x_wconf 89' lang='lat' dir='ltr'><strong>cur</strong></span> <span class='ocrx_word' id='word_1_371' title='bbox 782 1788 913 1824; x_wconf 87' lang='lat' dir='ltr'><strong>credat</strong></span> <span class='ocrx_word' id='word_1_372' title='bbox 949 1789 999 1832; x_wconf 88' lang='lat' dir='ltr'><strong>is,</strong></span> <span class='ocrx_word' id='word_1_373' title='bbox 1035 1789 1097 1836; x_wconf 88' lang='lat' dir='ltr'><strong>qui</strong></span> <span class='ocrx_word' id='word_1_374' title='bbox 1133 1789 1341 1824; x_wconf 88' lang='lat' dir='ltr'><strong>orationem</strong></span> <span class='ocrx_word' id='word_1_375' title='bbox 1381 1788 1501 1824; x_wconf 90' lang='lat' dir='ltr'><strong>habet.</strong></span> <span class='ocrx_word' id='word_1_376' title='bbox 1565 1787 1727 1824; x_wconf 71' lang='lat' dir='ltr'><strong>Scheibii</strong></span> <span class='ocrx_word' id='word_1_377' title='bbox 1760 1786 2013 1831; x_wconf 88' lang='lat' dir='ltr'><strong>conjecturam</strong></span> <span class='ocrx_word' id='word_1_378' title='bbox 2061 1785 2195 1823; x_wconf 77' lang='grc' dir='ltr'><em>ἔπειτα</em></span> <span class='ocrx_word' id='word_1_379' title='bbox 2229 1796 2298 1834; x_wconf 87' lang='lat' dir='ltr'><strong>pro</strong></span> 
     </span>
     <span class='ocr_line' id='line_1_30' title="bbox 164 1843 2296 1899; baseline -0.001 -15"><span class='ocrx_word' id='word_1_380' title='bbox 164 1843 271 1890; x_wconf 79' lang='grc' dir='ltr'><em>ἐπεΐ,</em></span> <span class='ocrx_word' id='word_1_381' title='bbox 299 1846 400 1894; x_wconf 89' lang='lat' dir='ltr'><strong>quod</strong></span> <span class='ocrx_word' id='word_1_382' title='bbox 427 1847 581 1894; x_wconf 84' lang='lat' dir='ltr'><strong>verbum</strong></span> <span class='ocrx_word' id='word_1_383' title='bbox 607 1847 695 1899; x_wconf 84' lang='lat' dir='ltr'><strong>libri</strong></span> <span class='ocrx_word' id='word_1_384' title='bbox 722 1848 913 1891; x_wconf 84' lang='lat' dir='ltr'><strong>exhibent,</strong></span> <span class='ocrx_word' id='word_1_385' title='bbox 940 1847 1160 1885; x_wconf 84' lang='lat' dir='ltr'><strong>collationes</strong></span> <span class='ocrx_word' id='word_1_386' title='bbox 1189 1847 1400 1896; x_wconf 77' lang='lat' dir='ltr'><strong>Lampsosii</strong></span> <span class='ocrx_word' id='word_1_387' title='bbox 1418 1850 1475 1891; x_wconf 82' lang='lat'><strong>⁶⁰)</strong></span> <span class='ocrx_word' id='word_1_388' title='bbox 1502 1850 1538 1884; x_wconf 86' lang='lat' dir='ltr'><strong>et</strong></span> <span class='ocrx_word' id='word_1_389' title='bbox 1565 1845 1724 1884; x_wconf 87' lang='lat' dir='ltr'><strong>Schoelli</strong></span> <span class='ocrx_word' id='word_1_390' title='bbox 1741 1847 1800 1890; x_wconf 75' lang='lat'><strong>⁶¹)</strong></span> <span class='ocrx_word' id='word_1_391' title='bbox 1828 1845 2064 1884; x_wconf 79' lang='lat' dir='ltr'><strong>confirmant.</strong></span> <span class='ocrx_word' id='word_1_392' title='bbox 2120 1844 2296 1882; x_wconf 82' lang='lat' dir='ltr'><strong>Fortasse</strong></span> 
     </span>
     <span class='ocr_line' id='line_1_31' title="bbox 164 1902 2298 1955; baseline -0.001 -15"><span class='ocrx_word' id='word_1_393' title='bbox 164 1904 308 1941; x_wconf 81' lang='lat' dir='ltr'><strong>excidit</strong></span> <span class='ocrx_word' id='word_1_394' title='bbox 333 1918 357 1942; x_wconf 92' lang='grc' dir='ltr'><em>α</em></span> <span class='ocrx_word' id='word_1_395' title='bbox 382 1910 471 1954; x_wconf 90' lang='lat' dir='ltr'><strong>post</strong></span> <span class='ocrx_word' id='word_1_396' title='bbox 488 1905 677 1955; x_wconf 90' lang='lat' dir='ltr'><strong>duplicem</strong></span> <span class='ocrx_word' id='word_1_397' title='bbox 698 1910 909 1951; x_wconf 87' lang='lat' dir='ltr'><strong>accentum,</strong></span> <span class='ocrx_word' id='word_1_398' title='bbox 938 1917 1095 1954; x_wconf 87' lang='lat' dir='ltr'><strong>quorum</strong></span> <span class='ocrx_word' id='word_1_399' title='bbox 1112 1906 1206 1942; x_wconf 87' lang='lat' dir='ltr'><strong>alter</strong></span> <span class='ocrx_word' id='word_1_400' title='bbox 1221 1918 1267 1942; x_wconf 80' lang='lat' dir='ltr'><strong>ex</strong></span> <span class='ocrx_word' id='word_1_401' title='bbox 1292 1907 1456 1941; x_wconf 72' lang='lat' dir='ltr'><strong>litterar</strong></span> <span class='ocrx_word' id='word_1_402' title='bbox 1476 1905 1677 1953; x_wconf 83' lang='lat' dir='ltr'><strong>depravari</strong></span> <span class='ocrx_word' id='word_1_403' title='bbox 1694 1904 1903 1952; x_wconf 59' lang='lat' dir='ltr'><strong>potuitffl).</strong></span> <span class='ocrx_word' id='word_1_404' title='bbox 1955 1905 2091 1950; x_wconf 78' lang='grc' dir='ltr'><em>κέρδος</em></span> <span class='ocrx_word' id='word_1_405' title='bbox 2119 1902 2165 1951; x_wconf 75' lang='grc' dir='ltr'><em>ἦν</em></span> <span class='ocrx_word' id='word_1_406' title='bbox 2192 1903 2298 1950; x_wconf 80' lang='grc' dir='ltr'><em>αὐτῷ</em></span> 
     </span>
     <span class='ocr_line' id='line_1_32' title="bbox 164 1960 2297 2014; baseline -0.001 -12"><span class='ocrx_word' id='word_1_407' title='bbox 164 1965 384 2011; x_wconf 76' lang='grc' dir='ltr'><em>διαβάλλειν</em></span> <span class='ocrx_word' id='word_1_408' title='bbox 410 1965 474 2013; x_wconf 79' lang='grc' dir='ltr'><strong>ἐμὲ</strong></span> <span class='ocrx_word' id='word_1_409' title='bbox 500 1966 601 2013; x_wconf 84' lang='grc' dir='ltr'><em>πρὸς</em></span> <span class='ocrx_word' id='word_1_410' title='bbox 627 1963 724 2013; x_wconf 78' lang='grc' dir='ltr'><em>ὑμᾶς</em></span> <span class='ocrx_word' id='word_1_411' title='bbox 751 1970 883 2003; x_wconf 88' lang='lat' dir='ltr'><strong>carent</strong></span> <span class='ocrx_word' id='word_1_412' title='bbox 909 1966 1008 2003; x_wconf 90' lang='lat' dir='ltr'><strong>omni</strong></span> <span class='ocrx_word' id='word_1_413' title='bbox 1035 1978 1159 2004; x_wconf 88' lang='lat' dir='ltr'><strong>sensu.</strong></span> <span class='ocrx_word' id='word_1_414' title='bbox 1214 1963 1376 2003; x_wconf 88' lang='lat' dir='ltr'><strong>Verbum</strong></span> <span class='ocrx_word' id='word_1_415' title='bbox 1403 1963 1508 2014; x_wconf 75' lang='grc' dir='ltr'><em>αὐτῷ</em></span> <span class='ocrx_word' id='word_1_416' title='bbox 1544 1970 1601 2003; x_wconf 90' lang='lat' dir='ltr'><strong>est</strong></span> <span class='ocrx_word' id='word_1_417' title='bbox 1628 1961 1865 2002; x_wconf 80' lang='lat' dir='ltr'><strong>referendum</strong></span> <span class='ocrx_word' id='word_1_418' title='bbox 1902 1961 1950 2000; x_wconf 88' lang='lat' dir='ltr'><strong>ad</strong></span> <span class='ocrx_word' id='word_1_419' title='bbox 1989 1962 2173 2002; x_wconf 85' lang='lat' dir='ltr'><strong>nuntium.</strong></span> <span class='ocrx_word' id='word_1_420' title='bbox 2226 1960 2297 2007; x_wconf 92' lang='lat' dir='ltr'><strong>Qui</strong></span> 
     </span>
     <span class='ocr_line' id='line_1_33' title="bbox 163 2022 2292 2073; baseline -0.002 -12"><span class='ocrx_word' id='word_1_421' title='bbox 163 2022 311 2061; x_wconf 86' lang='lat' dir='ltr'><strong>delator</strong></span> <span class='ocrx_word' id='word_1_422' title='bbox 335 2023 540 2067; x_wconf 80' lang='lat' dir='ltr'><strong>benevolus</strong></span> <span class='ocrx_word' id='word_1_423' title='bbox 584 2026 607 2070; x_wconf 68' lang='grc' dir='ltr'>ξ</span> <span class='ocrx_word' id='word_1_424' title='bbox 634 2027 668 2062; x_wconf 85' lang='grc'><strong>9.</strong></span> <span class='ocrx_word' id='word_1_425' title='bbox 699 2023 785 2073; x_wconf 78' lang='grc' dir='ltr'><em>ἐμοὶ</em></span> <span class='ocrx_word' id='word_1_426' title='bbox 817 2024 1067 2072; x_wconf 71' lang='grc' dir='ltr'><em>χαριζόμενος</em></span> <span class='ocrx_word' id='word_1_427' title='bbox 1105 2024 1269 2060; x_wconf 87' lang='lat' dir='ltr'><strong>oratoris</strong></span> <span class='ocrx_word' id='word_1_428' title='bbox 1304 2025 1475 2070; x_wconf 80' lang='lat' dir='ltr'><strong>cognatis</strong></span> <span class='ocrx_word' id='word_1_429' title='bbox 1513 2024 1722 2060; x_wconf 82' lang='lat' dir='ltr'><strong>calumnias</strong></span> <span class='ocrx_word' id='word_1_430' title='bbox 1760 2022 1910 2070; x_wconf 82' lang='lat' dir='ltr'><strong>aperuit</strong></span> <span class='ocrx_word' id='word_1_431' title='bbox 1944 2033 2062 2070; x_wconf 87' lang='lat' dir='ltr'><strong>neque</strong></span> <span class='ocrx_word' id='word_1_432' title='bbox 2104 2031 2292 2057; x_wconf 85' lang='lat' dir='ltr'><strong>oratorem</strong></span> 
     </span>
     <span class='ocr_line' id='line_1_34' title="bbox 163 2081 2297 2133; baseline -0.002 -12"><span class='ocrx_word' id='word_1_433' title='bbox 163 2083 266 2132; x_wconf 90' lang='lat' dir='ltr'><strong>apud</strong></span> <span class='ocrx_word' id='word_1_434' title='bbox 290 2084 415 2122; x_wconf 90' lang='lat' dir='ltr'><strong>socios</strong></span> <span class='ocrx_word' id='word_1_435' title='bbox 443 2096 564 2132; x_wconf 87' lang='lat' dir='ltr'><strong>neque</strong></span> <span class='ocrx_word' id='word_1_436' title='bbox 592 2097 663 2133; x_wconf 93' lang='lat' dir='ltr'><strong>per</strong></span> <span class='ocrx_word' id='word_1_437' title='bbox 690 2090 874 2131; x_wconf 87' lang='lat' dir='ltr'><strong>cognatos</strong></span> <span class='ocrx_word' id='word_1_438' title='bbox 899 2083 1022 2122; x_wconf 84' lang='lat' dir='ltr'><strong>socios</strong></span> <span class='ocrx_word' id='word_1_439' title='bbox 1051 2083 1149 2132; x_wconf 91' lang='lat' dir='ltr'><strong>apud</strong></span> <span class='ocrx_word' id='word_1_440' title='bbox 1179 2088 1380 2130; x_wconf 79' lang='lat' dir='ltr'><strong>oratorem,</strong></span> <span class='ocrx_word' id='word_1_441' title='bbox 1409 2095 1504 2132; x_wconf 88' lang='lat' dir='ltr'><strong>quae</strong></span> <span class='ocrx_word' id='word_1_442' title='bbox 1533 2095 1590 2121; x_wconf 85' lang='lat' dir='ltr'><strong>res</strong></span> <span class='ocrx_word' id='word_1_443' title='bbox 1613 2081 1815 2120; x_wconf 71' lang='lat' dir='ltr'><strong>utilitatem</strong></span> <span class='ocrx_word' id='word_1_444' title='bbox 1844 2081 1877 2119; x_wconf 87' lang='lat' dir='ltr'><strong>ei</strong></span> <span class='ocrx_word' id='word_1_445' title='bbox 1902 2081 2001 2119; x_wconf 87' lang='lat' dir='ltr'><strong>ferre</strong></span> <span class='ocrx_word' id='word_1_446' title='bbox 2029 2092 2102 2133; x_wconf 89' lang='lat' dir='ltr'><strong>non</strong></span> <span class='ocrx_word' id='word_1_447' title='bbox 2130 2084 2297 2130; x_wconf 87' lang='lat' dir='ltr'><strong>poterat,</strong></span> 
     </span>
     <span class='ocr_line' id='line_1_35' title="bbox 162 2139 2298 2189; baseline -0.002 -11"><span class='ocrx_word' id='word_1_448' title='bbox 162 2141 390 2180; x_wconf 87' lang='lat' dir='ltr'><strong>criminatus</strong></span> <span class='ocrx_word' id='word_1_449' title='bbox 424 2148 494 2181; x_wconf 90' lang='lat' dir='ltr'><strong>est.</strong></span> <span class='ocrx_word' id='word_1_450' title='bbox 559 2141 786 2189; x_wconf 86' lang='lat' dir='ltr'><strong>Conjectura</strong></span> <span class='ocrx_word' id='word_1_451' title='bbox 820 2142 1085 2181; x_wconf 64' lang='lat' dir='ltr'><strong>Kirchneri⁶³i</strong></span> <span class='ocrx_word' id='word_1_452' title='bbox 1124 2140 1220 2189; x_wconf 76' lang='grc' dir='ltr'><em>ὑμᾶς</em></span> <span class='ocrx_word' id='word_1_453' title='bbox 1254 2143 1353 2189; x_wconf 82' lang='grc' dir='ltr'><em>πρὸς</em></span> <span class='ocrx_word' id='word_1_454' title='bbox 1391 2142 1457 2189; x_wconf 80' lang='grc' dir='ltr'><strong>ἐμέ</strong></span> <span class='ocrx_word' id='word_1_455' title='bbox 1489 2143 1568 2177; x_wconf 90' lang='lat' dir='ltr'><strong>sive</strong></span> <span class='ocrx_word' id='word_1_456' title='bbox 1606 2142 1705 2188; x_wconf 83' lang='grc' dir='ltr'><em>πρὸς</em></span> <span class='ocrx_word' id='word_1_457' title='bbox 1735 2140 1801 2187; x_wconf 83' lang='grc' dir='ltr'><strong>ἐμέ</strong></span> <span class='ocrx_word' id='word_1_458' title='bbox 1837 2139 1951 2187; x_wconf 80' lang='grc' dir='ltr'><em>ὑμᾶς,</em></span> <span class='ocrx_word' id='word_1_459' title='bbox 1989 2151 2099 2187; x_wconf 88' lang='lat' dir='ltr'><strong>quam</strong></span> <span class='ocrx_word' id='word_1_460' title='bbox 2134 2140 2298 2187; x_wconf 85' lang='lat' dir='ltr'><strong>probant</strong></span> 
     </span>
     <span class='ocr_line' id='line_1_36' title="bbox 163 2199 1183 2249; baseline 0 -11"><span class='ocrx_word' id='word_1_461' title='bbox 163 2199 401 2249; x_wconf 87' lang='lat' dir='ltr'><strong>Gleinigerus</strong></span> <span class='ocrx_word' id='word_1_462' title='bbox 429 2210 465 2239; x_wconf 87' lang='lat' dir='ltr'><strong>et</strong></span> <span class='ocrx_word' id='word_1_463' title='bbox 492 2202 772 2249; x_wconf 90' lang='lat' dir='ltr'><strong>Buermannus‚</strong></span> <span class='ocrx_word' id='word_1_464' title='bbox 798 2207 954 2240; x_wconf 88' lang='lat' dir='ltr'><strong>sanatus</strong></span> <span class='ocrx_word' id='word_1_465' title='bbox 983 2205 1042 2239; x_wconf 83' lang='lat' dir='ltr'><strong>est</strong></span> <span class='ocrx_word' id='word_1_466' title='bbox 1068 2200 1183 2239; x_wconf 90' lang='lat' dir='ltr'><strong>locus.</strong></span> 
     </span>
    </p>

    <p class='ocr_par' dir='ltr' id='par_1_4' title="bbox 161 2257 2295 2606">
     <span class='ocr_line' id='line_1_37' title="bbox 340 2257 2292 2307; baseline -0.004 -9"><span class='ocrx_word' id='word_1_467' title='bbox 340 2261 527 2307; x_wconf 82' lang='lat' dir='ltr'><strong>Cognovit</strong></span> <span class='ocrx_word' id='word_1_468' title='bbox 548 2266 680 2298; x_wconf 89' lang='lat' dir='ltr'><strong>orator</strong></span> <span class='ocrx_word' id='word_1_469' title='bbox 707 2266 784 2296; x_wconf 89' lang='lat' dir='ltr'><strong>tum</strong></span> <span class='ocrx_word' id='word_1_470' title='bbox 802 2260 948 2296; x_wconf 81' lang='lat' dir='ltr'><strong>demum</strong></span> <span class='ocrx_word' id='word_1_471' title='bbox 974 2260 1053 2306; x_wconf 84' lang='lat' dir='ltr'><strong>jam</strong></span> <span class='ocrx_word' id='word_1_472' title='bbox 1081 2260 1221 2295; x_wconf 90' lang='lat' dir='ltr'><strong>dudum</strong></span> <span class='ocrx_word' id='word_1_473' title='bbox 1241 2260 1383 2295; x_wconf 85' lang='lat' dir='ltr'><strong>amicos</strong></span> <span class='ocrx_word' id='word_1_474' title='bbox 1403 2259 1630 2295; x_wconf 86' lang='lat' dir='ltr'><strong>criminandi</strong></span> <span class='ocrx_word' id='word_1_475' title='bbox 1655 2263 1839 2300; x_wconf 84' lang='grc' dir='ltr'><em>κακῶσαι,</em></span> <span class='ocrx_word' id='word_1_476' title='bbox 1866 2268 1938 2304; x_wconf 91' lang='lat' dir='ltr'><strong>qua</strong></span> <span class='ocrx_word' id='word_1_477' title='bbox 1958 2267 2047 2293; x_wconf 91' lang='lat' dir='ltr'><strong>voce</strong></span> <span class='ocrx_word' id='word_1_478' title='bbox 2074 2257 2292 2293; x_wconf 89' lang='lat' dir='ltr'><strong>continetur</strong></span> 
     </span>
     <span class='ocr_line' id='line_1_38' title="bbox 162 2313 2295 2368; baseline -0.003 -12"><span class='ocrx_word' id='word_1_479' title='bbox 162 2322 200 2356; x_wconf 89' lang='lat' dir='ltr'><strong>et</strong></span> <span class='ocrx_word' id='word_1_480' title='bbox 224 2324 354 2365; x_wconf 86' lang='grc' dir='ltr'><em>κακῶς</em></span> <span class='ocrx_word' id='word_1_481' title='bbox 377 2329 507 2359; x_wconf 84' lang='grc' dir='ltr'><em>ποιεῖν</em></span> <span class='ocrx_word' id='word_1_482' title='bbox 536 2323 559 2368; x_wconf 66' lang='grc' dir='ltr'>ξ</span> <span class='ocrx_word' id='word_1_483' title='bbox 588 2324 645 2359; x_wconf 88' lang='grc'><strong>10.</strong></span> <span class='ocrx_word' id='word_1_484' title='bbox 675 2323 733 2358; x_wconf 93' lang='grc'><strong>11.</strong></span> <span class='ocrx_word' id='word_1_485' title='bbox 763 2322 820 2358; x_wconf 83' lang='lat'><strong>12.</strong></span> <span class='ocrx_word' id='word_1_486' title='bbox 848 2324 885 2357; x_wconf 91' lang='lat' dir='ltr'><strong>et</strong></span> <span class='ocrx_word' id='word_1_487' title='bbox 911 2323 1040 2362; x_wconf 79' lang='grc' dir='ltr'><em>κακῶς</em></span> <span class='ocrx_word' id='word_1_488' title='bbox 1056 2318 1180 2367; x_wconf 81' lang='grc' dir='ltr'><em>λέγειν</em></span> <span class='ocrx_word' id='word_1_489' title='bbox 1207 2320 1229 2365; x_wconf 67' lang='grc' dir='ltr'>ἓ</span> <span class='ocrx_word' id='word_1_490' title='bbox 1247 2321 1304 2356; x_wconf 91' lang='grc'><strong>14.</strong></span> <span class='ocrx_word' id='word_1_491' title='bbox 1326 2321 1382 2364; x_wconf 87' lang='lat'><strong>15,</strong></span> <span class='ocrx_word' id='word_1_492' title='bbox 1397 2317 1629 2366; x_wconf 86' lang='lat' dir='ltr'><strong>quaesivisse</strong></span> <span class='ocrx_word' id='word_1_493' title='bbox 1645 2316 1865 2354; x_wconf 85' lang='lat' dir='ltr'><strong>occasiones</strong></span> <span class='ocrx_word' id='word_1_494' title='bbox 1880 2327 1899 2352; x_wconf 91' lang='lat' dir='ltr'><strong>e</strong></span> <span class='ocrx_word' id='word_1_495' title='bbox 1918 2314 2063 2352; x_wconf 81' lang='lat' dir='ltr'><strong>duabus</strong></span> <span class='ocrx_word' id='word_1_496' title='bbox 2080 2313 2295 2361; x_wconf 87' lang='lat' dir='ltr'><strong>calumniis,</strong></span> 
     </span>
     <span class='ocr_line' id='line_1_39' title="bbox 161 2373 2290 2429; baseline -0.002 -14"><span class='ocrx_word' id='word_1_497' title='bbox 161 2387 259 2426; x_wconf 84' lang='lat' dir='ltr'><strong>quae</strong></span> <span class='ocrx_word' id='word_1_498' title='bbox 284 2377 518 2417; x_wconf 90' lang='lat' dir='ltr'><strong>inducuntur</strong></span> <span class='ocrx_word' id='word_1_499' title='bbox 542 2391 612 2429; x_wconf 93' lang='lat' dir='ltr'><strong>per</strong></span> <span class='ocrx_word' id='word_1_500' title='bbox 650 2379 763 2416; x_wconf 89' lang='lat' dir='ltr'><strong>verba</strong></span> <span class='ocrx_word' id='word_1_501' title='bbox 805 2378 984 2427; x_wconf 83' lang='grc' dir='ltr'><em>γινώσκω</em></span> <span class='ocrx_word' id='word_1_502' title='bbox 1010 2379 1050 2415; x_wconf 79' lang='grc' dir='ltr'><strong>δὲ</strong></span> <span class='ocrx_word' id='word_1_503' title='bbox 1082 2383 1154 2414; x_wconf 88' lang='grc' dir='ltr'><strong>νῦν</strong></span> <span class='ocrx_word' id='word_1_504' title='bbox 1188 2377 1268 2426; x_wconf 75' lang='grc' dir='ltr'><strong>ἤδη.</strong></span> <span class='ocrx_word' id='word_1_505' title='bbox 1318 2376 1405 2413; x_wconf 75' lang='lat' dir='ltr'><strong>Jam</strong></span> <span class='ocrx_word' id='word_1_506' title='bbox 1442 2377 1546 2425; x_wconf 84' lang='lat' dir='ltr'><strong>prius</strong></span> <span class='ocrx_word' id='word_1_507' title='bbox 1585 2377 1678 2413; x_wconf 92' lang='lat' dir='ltr'><strong>socii</strong></span> <span class='ocrx_word' id='word_1_508' title='bbox 1711 2374 1885 2412; x_wconf 89' lang='lat' dir='ltr'><strong>malevoli</strong></span> <span class='ocrx_word' id='word_1_509' title='bbox 1921 2375 2100 2410; x_wconf 81' lang='lat' dir='ltr'><strong>dixerunt</strong></span> <span class='ocrx_word' id='word_1_510' title='bbox 2126 2373 2290 2422; x_wconf 84' lang='lat' dir='ltr'><strong>Thrasy-</strong></span> 
     </span>
     <span class='ocr_line' id='line_1_40' title="bbox 161 2431 2295 2487; baseline -0.002 -13"><span class='ocrx_word' id='word_1_511' title='bbox 161 2437 335 2475; x_wconf 81' lang='lat' dir='ltr'><strong>machum</strong></span> <span class='ocrx_word' id='word_1_512' title='bbox 362 2438 588 2477; x_wconf 87' lang='lat' dir='ltr'><strong>maledicere</strong></span> <span class='ocrx_word' id='word_1_513' title='bbox 630 2438 727 2487; x_wconf 91' lang='lat' dir='ltr'><strong>ipsis</strong></span> <span class='ocrx_word' id='word_1_514' title='bbox 755 2438 919 2475; x_wconf 85' lang='lat' dir='ltr'><strong>oratoris</strong></span> <span class='ocrx_word' id='word_1_515' title='bbox 956 2448 1083 2474; x_wconf 88' lang='lat' dir='ltr'><strong>causa.</strong></span> <span class='ocrx_word' id='word_1_516' title='bbox 1136 2437 1293 2474; x_wconf 88' lang='lat' dir='ltr'><strong>Codices</strong></span> <span class='ocrx_word' id='word_1_517' title='bbox 1326 2435 1422 2472; x_wconf 83' lang='lat' dir='ltr'><strong>hanc</strong></span> <span class='ocrx_word' id='word_1_518' title='bbox 1455 2434 1631 2471; x_wconf 81' lang='lat' dir='ltr'><strong>exhibent</strong></span> <span class='ocrx_word' id='word_1_519' title='bbox 1666 2435 1865 2472; x_wconf 88' lang='lat' dir='ltr'><strong>lectionem</strong></span> <span class='ocrx_word' id='word_1_520' title='bbox 1901 2436 1923 2479; x_wconf 67' lang='grc' dir='ltr'>ἓ</span> <span class='ocrx_word' id='word_1_521' title='bbox 1954 2436 2010 2470; x_wconf 88' lang='grc'><strong>14.</strong></span> <span class='ocrx_word' id='word_1_522' title='bbox 2051 2431 2164 2481; x_wconf 82' lang='grc' dir='ltr'><em>ἡνίκα</em></span> <span class='ocrx_word' id='word_1_523' title='bbox 2196 2436 2295 2481; x_wconf 83' lang='grc' dir='ltr'><em>Θρα-</em></span> 
     </span>
     <span class='ocr_line' id='line_1_41' title="bbox 161 2492 2295 2546; baseline -0.001 -13"><span class='ocrx_word' id='word_1_524' title='bbox 161 2496 332 2545; x_wconf 87' lang='grc' dir='ltr'><em>σύμαχον</em></span> <span class='ocrx_word' id='word_1_525' title='bbox 353 2494 451 2546; x_wconf 82' lang='grc' dir='ltr'><em>ὑμᾶς</em></span> <span class='ocrx_word' id='word_1_526' title='bbox 475 2497 661 2545; x_wconf 81' lang='grc' dir='ltr'><em>ἐφάσκετε</em></span> <span class='ocrx_word' id='word_1_527' title='bbox 684 2502 814 2540; x_wconf 87' lang='grc' dir='ltr'><em>κακῶς</em></span> <span class='ocrx_word' id='word_1_528' title='bbox 839 2497 964 2545; x_wconf 81' lang='grc' dir='ltr'><em>λέγειν</em></span> <span class='ocrx_word' id='word_1_529' title='bbox 990 2497 1036 2533; x_wconf 82' lang='grc' dir='ltr'><em>δι’</em></span> <span class='ocrx_word' id='word_1_530' title='bbox 1063 2496 1138 2544; x_wconf 78' lang='grc' dir='ltr'><em>ἐμέ.</em></span> <span class='ocrx_word' id='word_1_531' title='bbox 1189 2497 1254 2532; x_wconf 89' lang='grc' dir='ltr'><strong>καὶ</strong></span> <span class='ocrx_word' id='word_1_532' title='bbox 1281 2494 1355 2543; x_wconf 82' lang='grc' dir='ltr'><strong>ἐγὼ</strong></span> <span class='ocrx_word' id='word_1_533' title='bbox 1379 2495 1450 2542; x_wconf 79' lang='grc' dir='ltr'><em>μὲν</em></span> <span class='ocrx_word' id='word_1_534' title='bbox 1475 2494 1639 2544; x_wconf 84' lang='grc' dir='ltr'><em>ἠρώτων</em></span> <span class='ocrx_word' id='word_1_535' title='bbox 1663 2492 1784 2531; x_wconf 81' lang='grc' dir='ltr'><em>αὐτὸν</em></span> <span class='ocrx_word' id='word_1_536' title='bbox 1818 2493 1852 2530; x_wconf 85' lang='grc' dir='ltr'><strong>εἰ</strong></span> <span class='ocrx_word' id='word_1_537' title='bbox 1885 2493 1922 2529; x_wconf 82' lang='grc' dir='ltr'><strong><em>δί</em></strong></span> <span class='ocrx_word' id='word_1_538' title='bbox 1948 2492 2012 2539; x_wconf 79' lang='grc' dir='ltr'><strong>ἐμὲ</strong></span> <span class='ocrx_word' id='word_1_539' title='bbox 2036 2497 2164 2535; x_wconf 85' lang='grc' dir='ltr'><em>κακῶς</em></span> <span class='ocrx_word' id='word_1_540' title='bbox 2190 2493 2295 2541; x_wconf 82' lang='grc' dir='ltr'><em>λέγοι</em></span> 
     </span>
     <span class='ocr_line' id='line_1_42' title="bbox 162 2552 2295 2606; baseline -0.001 -12"><span class='ocrx_word' id='word_1_541' title='bbox 162 2557 374 2606; x_wconf 77' lang='grc' dir='ltr'><em>Διόδωρον,</em></span> <span class='ocrx_word' id='word_1_542' title='bbox 385 2569 483 2606; x_wconf 90' lang='lat' dir='ltr'><strong>quae</strong></span> <span class='ocrx_word' id='word_1_543' title='bbox 497 2558 612 2595; x_wconf 89' lang='lat' dir='ltr'><strong>verba</strong></span> <span class='ocrx_word' id='word_1_544' title='bbox 628 2557 829 2605; x_wconf 83' lang='lat' dir='ltr'><strong>deperdita</strong></span> <span class='ocrx_word' id='word_1_545' title='bbox 845 2561 946 2594; x_wconf 86' lang='lat' dir='ltr'><strong>sunt.</strong></span> <span class='ocrx_word' id='word_1_546' title='bbox 993 2555 1124 2594; x_wconf 90' lang='lat' dir='ltr'><strong>Verbis</strong></span> <span class='ocrx_word' id='word_1_547' title='bbox 1139 2556 1194 2593; x_wconf 89' lang='lat' dir='ltr'><strong>ita</strong></span> <span class='ocrx_word' id='word_1_548' title='bbox 1208 2555 1315 2594; x_wconf 88' lang='lat' dir='ltr'><strong>lectis</strong></span> <span class='ocrx_word' id='word_1_549' title='bbox 1331 2555 1437 2592; x_wconf 88' lang='lat' dir='ltr'><strong>deest</strong></span> <span class='ocrx_word' id='word_1_550' title='bbox 1451 2554 1640 2592; x_wconf 88' lang='lat' dir='ltr'><strong>sententia</strong></span> <span class='ocrx_word' id='word_1_551' title='bbox 1655 2552 1864 2591; x_wconf 90' lang='lat' dir='ltr'><strong>Diodorum</strong></span> <span class='ocrx_word' id='word_1_552' title='bbox 1880 2552 2043 2601; x_wconf 90' lang='lat' dir='ltr'><strong>primum</strong></span> <span class='ocrx_word' id='word_1_553' title='bbox 2063 2563 2109 2590; x_wconf 77' lang='lat' dir='ltr'><strong>ex</strong></span> <span class='ocrx_word' id='word_1_554' title='bbox 2123 2552 2295 2591; x_wconf 88' lang='lat' dir='ltr'><strong>omnibus</strong></span> 
     </span>
    </p>
   </div>
   <div class='ocr_carea' id='block_1_3' title="bbox 339 2630 2293 2677">
    <p class='ocr_par' dir='ltr' id='par_1_5' title="bbox 339 2630 2293 2677">
     <span class='ocr_line' id='line_1_43' title="bbox 339 2630 2293 2677; baseline -0.004 -8"><span class='ocrx_word' id='word_1_555' title='bbox 339 2638 380 2677; x_wconf 78' lang='lat'><strong>⁰⁰)</strong></span> <span class='ocrx_word' id='word_1_556' title='bbox 401 2637 551 2677; x_wconf 87' lang='lat' dir='ltr'><strong>Hermes,</strong></span> <span class='ocrx_word' id='word_1_557' title='bbox 574 2636 613 2668; x_wconf 90' lang='lat' dir='ltr'><strong>X.</strong></span> <span class='ocrx_word' id='word_1_558' title='bbox 637 2645 666 2667; x_wconf 82' lang='lat' dir='ltr'><strong>a.</strong></span> <span class='ocrx_word' id='word_1_559' title='bbox 690 2645 718 2667; x_wconf 75' lang='lat' dir='ltr'><strong>e.</strong></span> <span class='ocrx_word' id='word_1_560' title='bbox 743 2635 789 2667; x_wconf 87' lang='lat' dir='ltr'><strong>O.</strong></span> <span class='ocrx_word' id='word_1_561' title='bbox 833 2636 871 2676; x_wconf 78' lang='lat'><strong>⁶¹)</strong></span> <span class='ocrx_word' id='word_1_562' title='bbox 895 2635 1044 2675; x_wconf 85' lang='lat' dir='ltr'><strong>Hermes,</strong></span> <span class='ocrx_word' id='word_1_563' title='bbox 1066 2634 1122 2667; x_wconf 89' lang='lat' dir='ltr'><strong>XI.</strong></span> <span class='ocrx_word' id='word_1_564' title='bbox 1146 2644 1175 2667; x_wconf 70' lang='grc' dir='ltr'><strong>ι.</strong></span> <span class='ocrx_word' id='word_1_565' title='bbox 1199 2645 1226 2666; x_wconf 64' lang='grc' dir='ltr'><strong>ι,</strong></span> <span class='ocrx_word' id='word_1_566' title='bbox 1245 2634 1281 2666; x_wconf 91' lang='grc' dir='ltr'><strong>Ο.</strong></span> <span class='ocrx_word' id='word_1_567' title='bbox 1326 2634 1365 2672; x_wconf 82' lang='lat'><strong>⁶²)</strong></span> <span class='ocrx_word' id='word_1_568' title='bbox 1390 2632 1571 2673; x_wconf 85' lang='lat' dir='ltr'><strong>Fritzsche,</strong></span> <span class='ocrx_word' id='word_1_569' title='bbox 1592 2641 1621 2664; x_wconf 67' lang='lat' dir='ltr'><strong>a.</strong></span> <span class='ocrx_word' id='word_1_570' title='bbox 1644 2641 1673 2663; x_wconf 75' lang='grc' dir='ltr'><strong>ι.</strong></span> <span class='ocrx_word' id='word_1_571' title='bbox 1698 2631 1734 2664; x_wconf 90' lang='grc' dir='ltr'><strong>Ο,</strong></span> <span class='ocrx_word' id='word_1_572' title='bbox 1777 2632 1815 2671; x_wconf 79' lang='lat'><strong>⁶³)</strong></span> <span class='ocrx_word' id='word_1_573' title='bbox 1837 2630 2011 2671; x_wconf 83' lang='lat' dir='ltr'><strong>Kirchner‚</strong></span> <span class='ocrx_word' id='word_1_574' title='bbox 2033 2640 2052 2662; x_wconf 82' lang='lat' dir='ltr'><strong>a</strong></span> <span class='ocrx_word' id='word_1_575' title='bbox 2088 2640 2107 2662; x_wconf 75' lang='lat' dir='ltr'><strong>a</strong></span> <span class='ocrx_word' id='word_1_576' title='bbox 2137 2630 2174 2662; x_wconf 95' lang='grc' dir='ltr'><strong>Ο.</strong></span> <span class='ocrx_word' id='word_1_577' title='bbox 2197 2640 2228 2671; x_wconf 90' lang='lat' dir='ltr'><strong>p.</strong></span> <span class='ocrx_word' id='word_1_578' title='bbox 2248 2632 2293 2662; x_wconf 80' lang='grc'><strong>18.</strong></span> 
     </span>
    </p>
   </div>
   <div class='ocr_carea' id='block_1_4' title="bbox 162 2616 399 2624">
    <p class='ocr_par' dir='ltr' id='par_1_6' title="bbox 162 2616 399 2624">
     <span class='ocr_line' id='line_1_44' title="bbox 162 2616 399 2624; baseline 0 0"><span class='ocrx_word' id='word_1_579' title='bbox 162 2616 399 2624; x_wconf 95' lang='lat' dir='ltr'><strong> </strong></span> 
     </span>
    </p>
   </div>
  </div>
 </body>
</html>
