2461 3078
1118 70 1339 105 -5—

168 173 282 212 multi
309 172 380 211 viri
403 172 506 210 docti
531 171 581 209 ad
606 171 712 211 locos
736 172 958 222 deperditos
984 179 1023 211 et
1048 174 1277 223 depravatos
1296 173 1490 211 sanandos
1516 172 1753 225 conjecturas
1779 184 1800 211 e
1824 173 1905 211 suis
1930 173 2093 220 ingeniis
2118 173 2291 211 fecerunt

166 236 206 271 et
220 231 424 271 nonnullos
438 230 747 279 emendaverunt,
766 235 891 270 nmen
910 230 1029 270 multa
1047 232 1232 271 orationis
1245 243 1361 281 saepe
1377 232 1471 270 viris
1488 232 1613 271 doctis
1630 231 1678 270 de
1693 231 1933 271 inveniendis
1947 232 2048 270 veris
2062 230 2289 271 lectionibus

156 289 461 340 vdesperantibus
483 288 586 328 nullo
609 289 724 328 modo
749 290 942 328 emendari
961 294 1123 339 possunt
1148 295 1187 328 et
1203 302 1322 339 usque
1347 291 1397 327 ad
1423 291 1520 329 hunc
1539 291 1639 328 diem
1656 290 1820 327 obscura
1835 295 1925 327 sunt
1941 294 1981 328 et
2000 290 2217 328 monebunt.
2239 311 2290 317 —

165 348 299 388 Oratio
323 359 399 386 non
422 350 484 386 eet
505 347 670 387 ferensis
695 359 813 398 neque
839 348 968 387 habita
996 347 1045 386 ad
1066 348 1228 396 judices,
1260 348 1328 387 sed
1354 348 1485 387 habita
1514 350 1594 388 sive
1631 348 1761 386 habita
1782 347 1937 396 fingitur
1972 348 2011 386 in
2052 347 2212 399 ἑταιρίᾳ,
2248 348 2288 386 in

165 411 279 446 coetu
316 406 537 453 amicorum,
575 410 615 444 et
646 418 694 445 ea
725 407 876 457 quidem
915 407 1105 445 amicitiae
1143 407 1416 446 renuntiandae
1450 419 1566 446 causa
1602 410 1627 455 ξ
1668 407 1726 446 18.
1775 406 1852 456 ἐγὼ
1886 408 2023 445 τοίνυν
2058 406 2162 445 ἑκὼν
2196 404 2290 456 ὕμιν

162 465 362 515 ἐξίσταμαι
382 471 453 516 τῆς
476 466 620 519 φιλίας.
670 464 718 511 1s,
744 465 809 516 qui
822 466 1032 505 orationem
1054 465 1174 514 babet,
1197 467 1237 504 in
1255 466 1413 515 collegio
1439 467 1645 505 amicorum
1660 470 1730 506 est.
1781 468 1832 514 ἐξ
1848 468 1883 506 ⁴2.
1901 467 1938 508 5.
1958 467 1995 505 6.
2017 467 2052 506 7.
2073 468 2131 506 11.
2148 467 2209 513 17.
2229 467 2289 506 18.

164 524 369 564 Societatis
392 527 533 562 natura
556 524 679 573 qualis
704 525 837 572 fuerit,
870 536 920 566 ex
944 524 1069 562 verbis
1102 526 1287 564 orationis
1323 526 1539 574 perspicere
1570 536 1643 562 non
1671 536 1885 574 possumus.
1934 525 2151 572 Collegium,
2180 525 2287 572 cujus

166 583 361 633 particeps
385 586 446 622 est
469 587 611 631 orator,
633 582 776 633 ἔρανον
801 582 918 622 tuisse
942 587 1052 633 putat
1077 583 1312 632 Gleinigerus
1337 583 1579 632 conjunctum
1615 583 1666 633 ad
1700 583 1841 622 amicos
1868 594 2005 631 egenos
2031 583 2287 622 sublevandos

122 633 127 637 ’
164 642 213 680 ob
244 643 296 689 59
321 642 346 679 3
367 641 392 691 ἢ
415 642 476 687 τις
499 641 594 691 ἐμοῦ
618 643 771 692 δεηθεὶς
795 640 868 679 οὐκ
892 640 1025 689 ἔτυχεν
1047 636 1106 680 ὧν
1133 643 1209 691 ἐγώ
1232 657 1276 680 τε
1300 637 1539 691 δυνατὸς-ἧν
1562 642 1739 685 nmmos·
1764 642 1971 691 ἐπήγγειλε.
2021 644 2045 688 s
2072 644 2105 679 7.
2130 641 2211 680 ow
2239 641 2288 679 αὖ
2359 654 2362 656 v

164 699 263 749 ὑμᾶς
287 701 359 749 μὲν
382 703 664 747 πλουτοῦντας,
688 700 754 750 ἐμὲ
787 700 829 739 δὲ
852 700 1080 749 πενόμενον.
1108 704 1154 748 -§
1183 702 1240 740 10.
1264 706 1355 750 πρῶ
1376 702 1495 749 ονμὲν
1519 699 1674 740 &ama
1705 701 1743 740 dl
1766 698 1876 750 ὑμῶν
1901 701 2104 750 πράξαντά
2125 714 2173 749 με
2197 702 2288 749 περὶ

162 765 231 810 τῆς
241 760 388 804 θέσεως
404 763 478 797 τοῦ
495 757 631 797 Ζτπου.
680 760 704 805 ξ
727 758 783 797 18.
816 758 900 797 ἐπεί
929 772 992 797 τοι
1021 760 1073 809 μὰ
1096 759 1189 804 τοὺς
1212 759 1331 803 θεοὺς
1352 758 1425 797 οὐκ
1450 755 1548 797 οἱὸὃ
1573 773 1613 796 τι
1635 761 1925 808 ζημιωθήσομαι
1955 760 2008 808 μὴ
2029 759 2160 805 ξυνὼν
2184 756 2286 807 ὕμιν.

163 818 282 856 Erani
319 822 431 856 erant
475 818 698 864 societates,
745 829 842 866 quae
878 817 1120 857 conferebant
1164 819 1351 868 imprimis
1394 818 1593 867 pecuniam
1631 830 1713 856 cum
1753 817 1803 855 ad
1846 817 2021 855 convivia
2058 816 2287 855 celebranda

162 876 343 927 variaque
360 875 469 916 licita
493 878 533 913 et
553 875 711 914 honesta
730 875 882 924 negotia
895 876 1069 915 obeunda
1093 881 1173 915 tum
1194 877 1242 914 ad
1267 877 1475 926 amicorum
1502 887 1704 924 egenorum
1730 875 1998 914 sublevandam
2027 876 2196 925 inopiam
2211 878 2284 921 ²⁶).

163 936 346 974 Societati
359 936 460 973 sicut
472 935 657 982 pecuniae
678 935 839 972 collatae
864 946 998 973 nomen
1023 942 1107 974 erat
1139 936 1288 984 ἐρανος,
1313 939 1454 974 factum
1479 937 1604 984 ipsum
1629 935 1829 984 ἐρανίζειν,
1854 935 1948 973 socii
1975 935 2050 983 ipsi
2077 934 2285 983 ἐρανισταί,
2340 986 2342 988 ‚

163 1005 292 1034 omnes
318 993 411 1033 socii
436 993 484 1033 τὸ
509 993 647 1033 κοινὸν
669 997 752 1032 τῶν
783 992 1006 1043 ἐρανιστῶν,
1039 994 1217 1044 princeps
1244 994 1439 1033 societatis
1464 993 1672 1044 ἐρανάρχης
1702 993 2008 1032 nominabantur.
2057 991 2215 1030 Graecis
2246 997 2286 1030 et

162 1054 353 1103 imprimis
379 1052 674 1091 Atheniensibus
701 1052 761 1091 hic
786 1054 874 1101 pius
905 1058 943 1091 et
973 1055 1346 1092 munificentissimus
1382 1059 1466 1091 erat
1494 1066 1575 1092 mos
1600 1065 1787 1102 pauperes
1814 1053 1959 1091 amicos
1984 1051 2285 1099 adjuvandi‚·ut

165 1112 198 1150 si
224 1112 308 1162 quis
334 1122 422 1149 aere
449 1110 573 1148 alieno
599 1114 836 1159 premeretur
860 1111 939 1149 sive
971 1112 1020 1149 ad
1045 1111 1303 1150 collocandam
1330 1111 1443 1149 filiam
1471 1111 1633 1149 nubilem
1659 1112 1738 1149 sive
1764 1110 1814 1148 ad
1838 1111 2002 1149 amicum
2042 1122 2089 1148 ex
2114 1111 2282 1148 hostium

163 1171 337 1209 manibus
362 1169 582 1208 solvendum
609 1169 689 1207 sive
712 1169 752 1206 in
778 1169 854 1207 alia
879 1170 1038 1219 quadam
1066 1170 1227 1208 adversa
1250 1170 1404 1208 fortuna
1430 1174 1661 1215 versaretur,
1696 1181 1813 1217 egeno
1839 1171 1896 1208 ita
1921 1170 2057 1210 darent
2072 1197 2082 1213 ,
2121 1169 2222 1218 quod
2247 1170 2281 1206 ei

163 1228 346 1266 auxilium
369 1233 481 1272 esset,
506 1232 549 1266 ut
573 1228 686 1265 rebus
712 1227 884 1266 adversis
911 1229 1097 1266 restitutis
1122 1229 1310 1274 redderet,
1348 1229 1447 1278 quod
1481 1241 1504 1266 a
1538 1229 1698 1276 singulis
1732 1228 1865 1266 amicis
1895 1228 2206 1276 accepissetv),
2245 1233 2283 1265 et

161 1287 245 1335 ipse
269 1298 403 1323 rursus
430 1287 572 1323 amicos
599 1297 739 1332 egenos
767 1286 954 1324 beneficiis
980 1287 1228 1332 afficeret.²⁸)
1280 1287 1505 1325 Beneficium
1522 1287 1639 1333 igitur
1664 1292 1748 1323 erat
1772 1299 1792 1323 e
1815 1297 1951 1333 genere
1970 1286 2091 1323 mutui
2117 1281 2276 1332 gratuiti

161 1344 399 1394 mediumque
424 1347 528 1382 tenet
550 1344 651 1383 inter
675 1343 814 1382 donum
841 1345 1001 1393 (δῶρον)
1028 1348 1065 1382 et
1083 1344 1268 1383 creditum
1286 1346 1582 1395 (ddveccua)²⁹)‚
1608 1356 1693 1382 cum
1715 1344 1826 1382 detur
1843 1343 2004 1393 pecunia
2022 1343 2133 1381 nullis
2159 1343 2278 1380 inter-

162 1403 401 1441 venientibus
425 1403 552 1441 usuris
578 1414 601 1440 a
628 1403 798 1452 pluribus
814 1407 885 1449 ³⁰).
935 1403 1100 1441 Eranum
1128 1405 1348 1442 societatem
1375 1405 1491 1448 fuisse
1518 1403 1734 1451 Gleinigero
1759 1401 2040 1441 concedendum
2069 1402 2151 1440 erit.

339 1461 443 1499 luter
464 1461 610 1509 collegii
635 1462 758 1499 socios
777 1466 862 1498 orta
886 1467 945 1499 est
970 1461 1165 1501 dissensio.
1216 1463 1415 1500 Oratorem
1439 1462 1550 1501 amici
1564 1463 1644 1509 jam
1662 1474 1731 1511 per
1746 1461 1897 1510 aliquod
1917 1466 2067 1509 tempus
2083 1460 2283 1498 calumniis

161 1521 352 1571 persecuti
389 1524 479 1558 suut
515 1522 538 1567 ξ
574 1523 605 1559 1.
644 1519 863 1569 ἐπιτήδειόν
896 1534 963 1569 μοι
1001 1522 1105 1559 δοκῶ
1140 1521 1279 1570 καιρὸν
1309 1521 1506 1571 εἰληφέναι
1538 1522 1627 1570 περὶ
1664 1513 1722 1558 ὧν
1752 1520 1876 1559 εἰπεῖν
1900 1520 2117 1569 ἐβουλόμην
2152 1520 2282 1557 πάλαι.

161 1582 185 1627 ἓ
213 1580 249 1618 9.
273 1581 471 1628 ξυμβαίνει
495 1579 567 1628 γὰρ
592 1580 657 1616 καὶ
681 1585 804 1616 ταῦτα
827 1586 911 1622 τοῖς
935 1581 1013 1628 πρὸ
1038 1585 1120 1624 τοῦ,
1145 1581 1211 1617 καὶ
1233 1580 1316 1628 ἐμοὶ
1345 1588 1479 1629 σημεῖα
1506 1586 1628 1617 ταῦτα
1652 1581 1722 1628 μὲν
1753 1580 1913 1617 ἐκείνων
1944 1579 2063 1623 ἐστίν,
2089 1579 2218 1615 ἐκεῖνα
2243 1578 2286 1615 δέ

159 1640 315 1677 τούτων
339 1637 463 1677 ἱκανά.
514 1641 538 1685 ἓ
569 1642 622 1677 14.
658 1638 837 1686 γινώσκω
862 1638 904 1676 δὲ
928 1644 999 1675 νῦν
1024 1638 1094 1688 ἤδη
1118 1640 1183 1675 καὶ
1207 1640 1328 1676 πάλαι
1359 1644 1567 1688 ζητοῦντας
1590 1639 1797 1687 πρόφασιν.
1849 1640 1872 1685 ξ
1906 1639 1957 1676 16.
1985 1641 2057 1675 νῦν
2078 1638 2120 1675 δὲ
2153 1636 2284 1686 ἐπειδὴ

160 1696 431 1734 ἐκλελοίπασιν
452 1694 549 1745 ὑμᾶς
574 1695 613 1733 αἱ
637 1696 860 1745 προφάσεις,
884 1696 1211 1745 ἐλευθεριώτερόν
1231 1711 1278 1745 με
1303 1703 1476 1735 κακῶσαι
1500 1698 1650 1734 λείπετε
1676 1697 1747 1746 ἤδη
1782 1696 1895 1734 οὐδέν
1921 1704 1958 1733 et
1983 1697 2107 1733 animo
2146 1706 2282 1743 parum

163 1756 343 1793 benevolo
370 1759 502 1793 contra
529 1759 719 1792 oratorem
752 1759 920 1801 egerunt.
971 1755 1112 1798 Quibus
1153 1756 1199 1793 de
1225 1756 1422 1793 calumniis
1460 1756 1598 1793 certior
1622 1755 1746 1792 factus
1772 1759 1809 1791 et
1846 1759 2101 1803 opportunum
2131 1753 2284 1791 dicendi

160 1818 312 1863 tempus
336 1816 484 1857 nactus,
510 1823 594 1850 cum
622 1823 696 1849 non
724 1812 835 1849 modo
863 1813 992 1850 adsint
1017 1814 1292 1851 obtrectatores
1321 1817 1344 1860 ἓ
1377 1817 1389 1850 l
1415 1814 1566 1861 πάρεισι
1584 1814 1656 1861 μὲν
1673 1813 1744 1861 γὰρ
1770 1810 1828 1857 οἷς
1845 1812 2056 1860 ἐπεγκαλῶ,
2083 1812 2149 1850 sed
2168 1813 2283 1849 etiam

161 1873 244 1917 viri,
270 1882 396 1910 coram
426 1871 560 1919 quibus
586 1871 710 1908 dicere
737 1872 842 1919 cupit
873 1875 896 1918 ξ
928 1876 943 1908 1
980 1874 1133 1919 πάρεισι
1166 1874 1206 1909 δὲ
1231 1868 1289 1909 ὧν
1313 1873 1490 1910 ἐναντίον
1503 1872 1683 1919 ἐπιθυμῶ
1711 1872 1936 1919 μέμψασθαι
1969 1879 2053 1914 τοῖς
2084 1870 2285 1909 ἀδικοῦσιν

160 1931 237 1980 ἐμέ,
263 1934 394 1967 orator
425 1928 542 1966 verba
581 1928 676 1966 facit
714 1927 763 1965 ad
802 1929 926 1966 socios
967 1929 1012 1966 de
1052 1930 1266 1978 opprobriis
1301 1931 1339 1967 in
1372 1942 1412 1967 se
1446 1929 1607 1977 injectis.
1668 1928 1994 1974 Buermanno,³¹)
2031 1930 2095 1977 qui
2131 1936 2283 1967 secutus

161 1989 348 2026 Blassium
365 1990 423 2030 ³2)
456 1987 496 2022 in
527 1987 681 2034 πάρεισι
715 1987 757 2023 δὲ
790 1998 864 2023 non
900 1987 1064 2033 ejusdem
1093 1988 1160 2024 sed
1187 1989 1284 2024 alius
1310 1988 1457 2033 collegii
1475 1988 1598 2024 socios
1619 1999 1702 2024 esse
1728 1988 1783 2023 ita
1799 1991 1922 2035 putat,
1943 1992 1994 2033 ut,
2019 2000 2102 2025 cum
2124 1993 2284 2035 utraque

163 2046 321 2094 collegia
346 2045 600 2086 convenerint,
628 2049 758 2081 orator
785 2044 899 2081 verba
923 2045 1051 2091 faciat,
1078 2057 1151 2082 nou
1178 2045 1308 2091 habeo,
1337 2045 1434 2093 quod
1458 2045 1658 2083 assentiar.
1710 2046 1767 2082 Ac
1798 2045 1961 2093 primum
1990 2046 2141 2094 quidem
2164 2057 2284 2094 neque

162 2106 351 2143 sociorum
366 2104 464 2140 alius
488 2102 633 2148 collegii
651 2102 689 2138 in
708 2103 880 2139 oratione
900 2114 1056 2149 usquam
1082 2104 1124 2139 fit
1149 2106 1298 2148 mentio,
1327 2115 1444 2151 neque
1472 2115 1539 2151 per
1560 2115 1768 2150 pronomen
1786 2101 1892 2150 ὑμεῖς
1917 2105 1956 2149 (ξ
1974 2107 2033 2149 19)
2061 2109 2100 2141 et
2126 2105 2282 2153 pluralis

160 2174 363 2212 personam
390 2160 550 2199 alteram
566 2161 788 2206 διαβάλλετε
815 2167 850 2197 et
880 2160 1032 2208 πάρεισι
1055 2161 1126 2208 μὲν
1152 2172 1281 2198 omnes
1309 2161 1551 2210 appellantur
1576 2161 1682 2206 socii,
1706 2160 1774 2198 sed
1795 2162 1907 2199 modo
1924 2173 2034 2211 pars;
2060 2162 2194 2200 deinde
2215 2174 2283 2211 per

163 2222 347 2259 seminus
367 2219 545 2258 credibile
572 2224 632 2256 est
658 2231 786 2257 omnes
812 2218 934 2255 socios
966 2230 1048 2255 esse
1082 2220 1334 2257 calumniosos
1372 2225 1409 2256 et
1446 2226 1634 2257 oratorem
1675 2221 1851 2268 persequi
1889 2221 2086 2258 calumniis
2127 2232 2282 2269 eumque

162 2291 277 2317 unum
305 2281 329 2327 ξ
352 2279 396 2315 19
414 2277 512 2316 ἀλλὰ
530 2278 595 2315 καὶ
623 2283 695 2315 νῦν
719 2276 825 2326 ὑμεῖς
848 2291 894 2325 με
929 2277 1052 2325 μόνον
1076 2284 1206 2322 κακῶς
1231 2280 1381 2327 λέγετε;
1417 2278 1578 2327 denique
1615 2284 1752 2327 putare
1780 2290 1853 2315 non
1882 2290 2083 2327 possumus
2110 2280 2282 2316 omnibus

163 2339 278 2377 sociis
304 2338 434 2375 invitis
464 2342 652 2375 oratorem
683 2337 878 2375 societatis
896 2336 1119 2385 participem
1157 2343 1327 2374 recentes
1354 2338 1487 2375 tulisse
1516 2337 1775 2376 contumelias.
1827 2338 2027 2375 Praeterea
2054 2339 2282 2376 Buermanui

352 2437 393 2473 ¹⁶)
418 2436 449 2467 J.
471 2435 500 2466 J.
524 2444 588 2466 ven
609 2434 717 2473 Holst,
742 2434 1039 2465 deeranisveterum
1056 2434 1265 2465 Graecorum.
1308 2428 1551 2474 Lugduni-Bet.
1568 2436 1656 2466 1832.
1674 2446 1704 2475 p.
1721 2437 1759 2466 13
1775 2436 1990 2474 Schoemann‚
2017 2436 2146 2466 Griech,
2162 2436 2284 2468 Altert.

164 2489 223 2521 Bd.
244 2487 271 2519 1.
294 2487 407 2519 Berlin
431 2488 520 2519 1861.
542 2496 563 2527 p
598 2488 668 2518 8⁷5.
711 2486 834 2525 Boekh,
855 2485 916 2517 Die
938 2485 1271 2525 Staatsheushaltuug
1283 2485 1342 2518 der
1353 2487 1511 2519 Athener.
1555 2486 1615 2518 Bd.
1630 2486 1656 2519 Ι.
1673 2487 1785 2518 Berlin
1808 2487 1884 2518 1851
1900 2497 1931 2527 p.
1947 2489 2016 2519 34⁷.
2060 2487 2103 2525 27)
2120 2486 2283 2528 Theophr.

161 2543 245 2579 χαρ.
267 2537 337 2569 XV.
358 2539 387 2569 2.
403 2547 435 2577 p.
449 2539 511 2569 280
523 2537 743 2568 casaubonus.
787 2538 830 2575 ²⁸)
852 2546 915 2568 van
937 2536 1046 2575 ficiet,
1067 2545 1096 2567 a.
1119 2546 1147 2567 a.
1162 2536 1198 2568 O.
1220 2547 1241 2576 p
1274 2539 1323 2567 77.
1368 2538 1409 2575 ²⁹)
1423 2537 1633 2569 Casaubonus
1646 2548 1677 2577 p.
1691 2533 1762 2569 281.
1806 2539 1846 2575 ³⁰)
1864 2547 1925 2569 van
1937 2538 2082 2577 Helega,
2097 2548 2128 2569 a.
2141 2539 2177 2570 Ο.
2194 2549 2226 2578 p.
2242 2541 2282 2570 85

164 2590 203 2628 ⁸¹)
224 2588 362 2621 Hermes
383 2588 422 2619 X.
447 2589 517 2620 350.
562 2589 603 2627 ³¹)
625 2587 785 2627 Blassius,
808 2596 837 2619 a.
859 2596 892 2619 a.
916 2586 951 2618 Ο.
974 2597 1005 2627 p.
1036 2588 1108 2618 656.
