2461 3078
1102 65 1348 100 -15-

337 166 480 204 Eoeem
507 166 620 204 modo
646 165 842 205 offendunt
865 166 1004 204 multae
1032 167 1313 206 enuntiationes
1339 162 1647 218 interrogativae,
1673 172 1810 220 quibus
1841 172 1963 209 oratio
1995 174 2055 209 est
2083 175 2285 218 exornata,

158 223 182 274 ξ
209 228 244 264 3.
271 226 311 264 τί
335 225 433 275 δῆτά
454 239 501 274 με
525 247 576 253 -
599 225 840 272 &caedum-,-
864 226 887 270 ξ
913 229 947 265 6.
972 225 1006 264 εἰ
1036 226 1077 265 δὲ
1101 226 1260 276 αἰσχρὸν
1283 250 1334 255 -
1358 227 1536 279 ήγετσθε,·
1560 229 1583 279 ἓ
1611 233 1644 268 7.
1677 230 1808 269 πόθεν
1843 228 1894 268 ἂν
1917 252 1968 259 -
1991 230 2151 269 συνόντι
2159 244 2173 274 ,·
2199 228 2224 279 ξ
2246 232 2283 269 8.

157 288 245 328 πῶς
276 282 348 332 γὰρ
380 305 432 311 -
466 284 610 332 λόγον;
647 286 670 330 ὅ
702 288 759 322 12.
788 281 864 332 ἆρά
897 297 939 332 γε
972 307 1022 311 -
1053 284 1403 335 ἀπαγγελλομένοις
1412 302 1426 332 ,·
1459 290 1482 334 ἓ
1511 292 1568 327 16.
1604 288 1704 327 κατὰ
1735 290 1776 328 τί
1804 310 1856 316 -
1885 287 1957 327 οὐκ
1993 288 2286 338 ἐφυλαττόμην;

158 340 182 391 ξ
210 344 268 380 18.
292 342 464 391 πότερον
487 364 538 371 -
560 344 898 393 μαρτυρήσοντας;
923 345 946 390 ξ
976 347 1033 383 19.
1057 343 1139 383 ἀλλ’
1167 342 1220 389 ὡς
1244 367 1294 373 -
1317 345 1411 394 ἐμοῦ
1420 362 1433 391 ,-

332 400 484 443 Orator,
508 402 573 449 qui
597 411 678 447 sua,
705 411 780 437 non
807 401 1011 439 amicorum
1035 413 1152 439 causa
1168 404 1379 441 orationem
1408 405 1531 450 habet,
1557 408 1596 441 et
1614 405 1851 453 pronominis
1881 405 2063 453 singulari
2085 409 2124 442 et
2139 404 2281 454 plurali

158 457 288 506 utitur,
317 458 381 496 ubi
415 458 463 499 de
498 471 540 498 se
573 459 658 509 ipso
692 459 870 509 loquitur.
936 460 959 511 ἓ
988 464 1020 500 1.
1056 475 1133 511 μοι.
1198 465 1221 510 ἓ
1246 467 1283 503 4.
1314 462 1421 514 ἡμᾶς.
1480 466 1503 512 5
1532 467 1565 503 7.
1596 462 1723 508 αὐτὸς.
1781 463 1805 514 ξ
1840 466 1876 503 8.
1905 462 2006 515 ἡμῖν.
2062 466 2086 512 ξ
2118 467 2153 504 9.
2185 462 2286 515 ἡμῖν.

158 520 182 565 ξ
210 521 268 557 19.
293 517 381 566 ἐγὼ,
405 519 577 567 quamvis
604 518 739 567 Lysiae
765 530 845 556 mos
872 520 923 557 sit
945 532 1135 569 nunquam
1164 521 1268 571 ἡμεῖς
1293 524 1444 568 utendi,
1475 524 1538 560 ubi
1564 535 1676 561 unam
1707 523 1852 562 inducit
1885 535 2088 572 personam
2122 523 2280 573 loquen-

155 579 315 624 tamn).
367 576 458 614 Loci
485 576 546 615 111.
575 580 632 615 15.
658 580 719 615 25.
749 579 809 615 28.
859 577 941 616 Xll.
967 580 1027 617 81.
1062 583 1143 618 100.
1194 580 1299 619 XIX.
1325 585 1359 619 2.
1386 585 1446 619 22.
1496 580 1634 620 XXIV.
1659 585 1706 620 22
1732 593 1755 619 a
1781 580 1923 619 nostris
1947 580 2042 619 locis
2059 581 2281 620 alienissimi

155 647 232 674 non
256 635 474 685 comparari
499 641 660 685 possunt
685 647 768 674 cum
796 636 947 682 nostris,
982 649 1067 675 cum
1101 638 1176 678 illis
1202 652 1261 677 res
1287 644 1422 687 agatur
1447 639 1494 677 de
1530 641 1704 690 personis
1730 639 1912 691 pluribus.

332 695 409 732 Cur
432 695 472 731 in
498 700 630 732 nostra
655 697 826 732 oratione
853 698 1016 734 vocativi
1043 698 1177 742 desint,
1214 700 1349 746 quibus
1381 704 1512 736 orator
1537 699 1755 747 adloquitur
1784 705 1823 736 et
1848 698 1990 736 amicos
2015 703 2054 735 et
2087 699 2273 741 inimicos,

153 752 282 791 dicere
308 751 459 790 difficile
483 756 554 790 est.
605 751 880 791 Desiderantur
907 754 1070 792 maxime
1086 755 1331 793 allocutiones
1349 758 1371 803 ξ
1397 760 1430 795 3.
1461 760 1517 795 10.
1537 760 1593 796 12.
1614 761 1671 796 13.
1700 760 1756 803 18,
1775 768 1849 807 quo
1869 755 2005 795 elatior
2025 760 2111 794 ruat
2126 756 2249 794 oratio
2267 770 2276 800 ;

152 811 176 861 ξ
203 815 237 850 3.
263 812 397 849 εἴπατε
422 808 504 850 οὖν.
556 814 579 858 5
608 815 664 850 10.
691 810 847 850 ἅπαντα
859 813 897 850 δί
908 812 1018 861 ὑμῶν
1031 814 1269 863 πράξανταξ
1299 818 1343 851 10
1367 813 1565 859 ἀντίδικος
1577 816 1674 864 μετὰ
1687 817 1851 854 τούτων.
1889 814 1985 865 §la
2001 814 2134 852 ἔπειτα
2145 815 2283 863 κέρδος

151 869 202 921 ἦν
225 869 344 920 αὐτῷ,
371 871 495 908 socios
520 869 696 919 perfidos,
721 871 759 908 in
786 883 880 921 quos
894 872 1093 916 invehitur,
1120 878 1250 910 orator
1273 873 1457 922 appellum
1485 877 1508 921 ξ
1529 878 1587 914 12.
1604 877 1670 913 καὶ
1683 881 1807 913 ταῦτα
1820 876 1859 913 τί
1876 888 1922 924 με
1937 874 1996 913 δεῖ
2009 873 2281 923 φανερώτερον

152 930 366 979 ἐξελέγχειν.
394 928 450 967 ἔτι
477 928 526 965 ad
553 929 695 966 amicos
734 941 865 968 versus
899 930 1041 968 dictum
1078 939 1151 975 est;
1188 932 1210 981 ξ
1245 936 1301 970 18.
1336 931 1426 980 ὑμῖν
1462 945 1481 970 e
1515 934 1697 971 societate
1728 934 1913 971 decedens
1952 932 2125 970 omnibus
2162 932 2277 970 sociis

152 989 349 1029 renuntiat
374 988 592 1026 amicitiam.
643 988 758 1035 Cujus
782 988 939 1027 lacunae
967 1001 1120 1028 causam
1142 995 1180 1028 et
1198 991 1365 1029 codicem
1387 992 1487 1029 vitiis
1514 998 1552 1029 et
1571 993 1717 1030 lacunis
1748 993 2001 1030 deformatum
2027 997 2065 1029 et
2091 990 2277 1028 rhetorem

152 1059 312 1097 eumque
338 1058 415 1084 non
441 1047 624 1095 optimum
655 1051 760 1095 puto,
788 1047 836 1083 ad
864 1058 973 1096 quem
1001 1049 1075 1085 alia
1101 1049 1245 1086 ducunt
1270 1055 1506 1096 argumenta.

324 1106 573 1144 Inveniuntur
598 1106 696 1143 enim
724 1105 763 1143 in
795 1107 965 1145 oratione
992 1108 1264 1156 cogitationes,
1300 1115 1340 1146 ut
1364 1108 1427 1147 ita
1459 1109 1595 1153 dicam,
1620 1109 1798 1158 putidae,
1835 1121 1930 1158 quas
1966 1120 2086 1159 neque
2125 1107 2278 1156 Lysiam

144 1177 266 1215 neque
290 1166 406 1202 alium
433 1168 622 1200 oratorem
650 1164 853 1212 scripsisse
887 1166 1090 1203 verisimile
1128 1171 1199 1205 est.
1250 1166 1332 1216 §4
1368 1169 1433 1204 καὶ
1465 1167 1537 1216 γὰρ
1570 1165 1726 1205 ἀκούων
1761 1168 1959 1217 ἠχθόμην,
1994 1166 2073 1205 οὐδ’
2109 1164 2158 1204 ἂν
2190 1164 2282 1215 ὑμῖν

142 1224 352 1269 ἐπικαλῶν,
377 1221 451 1262 ὅτι
463 1222 610 1271 ἐλέγετε
622 1224 707 1260 κατ’
722 1223 827 1272 ἐμοῦ,
841 1224 964 1263 ταύτὰ
979 1226 1137 1274 λέξαιμι·
1186 1227 1251 1263 καὶ
1276 1225 1348 1275 γὰρ
1367 1225 1416 1264 ἄν
1441 1224 1650 1275 ἀπολύοιμι
1675 1233 1743 1276 τῆς
1768 1226 1892 1272 αἰτίας
1921 1224 2029 1276 ὑμᾶς,
2054 1226 2162 1275 εἴπερ
2189 1223 2280 1274 ὑμῖν

142 1282 265 1322 ταύτὰ
289 1283 436 1331 λέγοιμι
466 1282 557 1330 περὶ
582 1281 761 1329 ἐμαυτοῦ.
813 1283 951 1320 Orator
977 1285 1185 1322 calumnias
1213 1285 1432 1329 amicorum,
1461 1295 1553 1333 quas
1578 1286 1618 1322 in
1644 1285 1769 1333 ipsum
1792 1284 1976 1332 jecerunt,
2003 1286 2172 1323 dicturus
2200 1295 2275 1321 non

144 1347 224 1389 est;
246 1341 361 1392 culpa
385 1341 510 1380 socios
538 1339 731 1386 liberaret,
758 1341 791 1379 si
816 1353 862 1380 ea
888 1343 1002 1381 verba
1027 1349 1235 1393 repeteret3
1273 1344 1383 1393 quasi
1409 1343 1471 1393 qui
1498 1344 1639 1382 alienas
1666 1342 1874 1382 calumnias
1917 1349 2064 1392 narret,
2100 1342 2280 1391 flagitium

144 1403 371 1447 committat,
397 1407 435 1438 et
462 1400 525 1449 qui
550 1399 713 1437 aliorum
728 1401 930 1439 maledicta
949 1403 1214 1451 reprehendat,
1241 1403 1398 1440 eandem
1426 1403 1574 1452 culpam
1598 1401 1735 1440 habeat
1761 1408 1874 1452 atque
1897 1403 1944 1449 is,
1969 1403 2032 1452 qui
2057 1403 2095 1440 in
2118 1403 2280 1451 aliquem

143 1461 407 1510 injecerunt
459 1458 656 1510 Ejusmodi
682 1460 919 1497 enuntiatum
942 1461 1110 1508 jejunum
1138 1467 1176 1499 et
1201 1463 1371 1511 ineptum
1399 1463 1589 1500 invenitur
1622 1464 1646 1508 ἓ
1673 1465 1708 1500 8.
1734 1467 1896 1511 πρῶτον
1925 1463 1996 1510 μὲν
2028 1462 2100 1511 γὰρ
2129 1462 2274 1505 εἰδότες

143 1521 328 1571 ἐρήσεσθε
349 1520 421 1557 τὸν
436 1518 600 1556 εἰπόντα
622 1528 699 1566 μοι·
748 1523 833 1562 πῶς
858 1519 929 1567 γὰρ
955 1519 1028 1556 οὐκ
1044 1520 1124 1557 ἴστε
1149 1521 1250 1568 πρὸς
1276 1520 1323 1558 δν
1348 1521 1496 1569 ἐλέγετε
1519 1521 1591 1558 τὸν
1616 1521 1758 1569 λόγον,·
1783 1521 1846 1557 ubi
1866 1526 1997 1558 orator
2022 1520 2139 1558 sociis
2165 1520 2269 1557 dela—

145 1585 268 1618 torem
294 1589 335 1615 se
361 1589 445 1615 esse
469 1577 749 1614 nominaturum
776 1582 901 1624 negat,
927 1578 1025 1626 quod
1049 1578 1127 1625 jam
1155 1579 1412 1625 cognoverint,
1453 1579 1673 1627 quibuscum
1699 1579 1814 1616 verba
1839 1579 2009 1618 fecerint.
2073 1579 2144 1623 Qui
2170 1579 2275 1618 locus

145 1649 221 1675 non
248 1636 424 1674 excusari
452 1640 591 1684 potest,
618 1636 729 1684 quasi
756 1647 824 1684 per
846 1636 1007 1673 ironiam
1034 1639 1090 1674 ita
1117 1637 1252 1680 dictus,
1279 1644 1320 1674 ut
1345 1637 1446 1685 apud
1475 1637 1602 1685 plures
1619 1642 1809 1674 oratorem
1828 1637 2048 1675 calumniati
2074 1638 2172 1675 scire
2200 1649 2275 1675 non

145 1695 352 1746 potuerint,
379 1694 516 1743 quibus
541 1693 751 1731 calumnias
784 1694 1089 1743 aperuerint⁷⁸).
1141 1694 1243 1738 Quas
1279 1696 1316 1732 in
1355 1708 1474 1743 nugas
1510 1695 1621 1732 modo
1658 1696 1692 1732 is
1727 1696 1894 1734 incidere
1929 1700 2075 1745 potest,
2111 1696 2175 1744 qui
2208 1707 2277 1745 per

146 1754 297 1802 longum
334 1758 486 1801 tempus
523 1752 797 1790 consuetudine
824 1753 1082 1800 sophistarum
1116 1767 1207 1791 usus
1235 1758 1313 1796 est;
1347 1754 1477 1790 eodem
1506 1754 1648 1791 ducunt
1675 1755 1787 1792 verba
1812 1754 1835 1803 ξ
1864 1758 1921 1792 11.
1948 1758 2274 1802 φιλοσοφοῦντας,

146 1814 169 1859 ἓ
195 1816 230 1852 8.
256 1813 436 1862 σόφισμα,
461 1813 485 1858 ξ
515 1815 572 1850 11.
593 1807 809 1860 ἀντιλέγειν
832 1812 905 1849 τὸν
930 1811 1111 1850 ἐναντίον
1136 1813 1267 1861 λόγον.

324 1871 514 1920 Repetitio
541 1870 708 1919 ejusdem
735 1871 838 1908 verbi
865 1871 902 1907 in
924 1873 1096 1909 oratione
1113 1878 1171 1909 est
1188 1872 1470 1909 molestissima.
1524 1870 1687 1908 Verbum
1708 1872 1833 1921 λέγειν
1859 1877 1897 1909 et
1924 1871 2137 1920 composita
2154 1873 2274 1910 oculis

146 1932 288 1971 nostris
315 1932 521 1970 occurrunt
547 1930 707 1978 triginta
733 1930 898 1979 quinque
924 1930 1029 1977 locis,
1057 1931 1131 1968 alia
1158 1930 1305 1969 dicendi
1333 1931 1447 1968 verba
1468 1930 1727 1978 duodeviginti
1751 1932 1865 1969 locis:
1896 1942 1992 1980 quae
2007 1936 2134 1969 tamen
2159 1943 2271 1980 repe-

146 1992 231 2028 titio
257 1990 410 2028 difficile
437 1989 573 2026 evitari
600 1993 765 2037 poterat,
801 2001 885 2025 cum
914 2001 973 2025 res
1002 1989 1047 2025 de
1087 1990 1284 2027 calumniis
1319 1990 1358 2025 in
1394 1995 1583 2026 oratorem
1618 1990 1768 2036 injectis
1802 1995 1989 2039 ageretur.
2039 1989 2121 2039 §4.
2157 1989 2272 2038 ἔλεγε,

145 2049 304 2098 ἐλέγετε,
328 2049 487 2098 λέξαιμι,
505 2048 665 2097 λέγοιμι,
691 2048 800 2095 λέξω.
850 2047 996 2096 λέξαιμι
1014 2053 1071 2086 est
1090 2048 1307 2096 conjectura
1328 2046 1548 2085 Marklandi
1566 2056 1602 2086 et
1621 2047 1790 2097 Emperii
1805 2052 1864 2094 Π)
1891 2060 1960 2098 pro
1976 2050 2088 2087 verbo
2105 2049 2269 2098 δόξαιμι,

147 2108 248 2157 quod
273 2108 423 2146 codices
449 2107 646 2156 praebent.
698 2106 773 2144 Sed
799 2107 888 2143 baec
914 2107 1035 2144 forma
1060 2108 1217 2155 λέξαιμι,
1244 2119 1317 2155 qua
1343 2119 1477 2156 sensus
1502 2107 1575 2145 loci
1608 2108 1750 2156 optime
1778 2107 1973 2153 redditur,
2010 2113 2068 2144 est
2094 2107 2219 2145 aliena
2247 2120 2270 2145 a

145 2166 283 2217 Lysiae
309 2170 348 2205 et
371 2166 587 2205 Atticorum
624 2176 798 2204 sermone
819 2164 981 2204 dicendi.
1034 2165 1168 2215 Lysias
1202 2166 1302 2203 enim
1329 2166 1367 2203 in
1394 2165 1567 2204 omnibus
1601 2166 1835 2205 orationibus
1871 2166 1975 2205 verbi
2008 2166 2133 2216 λέγειν
2159 2165 2270 2204 modo

144 2231 305 2275 usurpat
330 2237 513 2274 praesens
539 2230 577 2262 et
601 2225 866 2273 imperfectum
893 2228 931 2260 et
956 2225 1120 2261 futurum
1145 2237 1348 2272 eorumque
1374 2225 1507 2263 modos
1533 2226 1601 2269 ita,
1626 2231 1668 2262 ut
1684 2225 1753 2263 hae
1778 2227 1921 2262 formae
1947 2226 2128 2262 trecentis
2151 2237 2271 2273 paene

145 2284 251 2331 locis,
275 2284 342 2323 sed
364 2284 530 2322 aoristus
544 2281 658 2322 εἷπον
672 2283 825 2332 ejusque
842 2282 944 2320 modi
962 2287 1112 2321 centum
1130 2284 1208 2322 fere
1227 2284 1501 2333 quinquaginta
1518 2284 1612 2322 locis
1632 2284 1874 2322 inveniantur
1890 2287 1962 2332 ⁸⁰).
2016 2285 2146 2333 ltaque
2165 2289 2268 2322 recte

146 2343 309 2382 Cobetus
335 2343 567 2381 assentiente
592 2342 911 2380 Rauchensteinio
926 2347 985 2388 ⁸¹)
1011 2343 1172 2381 fortasse
1203 2344 1273 2381 hac
1303 2343 1455 2381 dicendi
1476 2343 1612 2391 Lysiae
1638 2343 1910 2381 consuetudine
1926 2343 2079 2390 cognita
2103 2346 2269 2380 mutaret

146 2402 402 2450 conjecturam
428 2401 650 2440 Marklandi
675 2399 725 2439 ἂν
753 2401 901 2450 λέξαιμι
926 2401 966 2438 iu
994 2400 1041 2439 αὖ
1066 2403 1233 2451 διέξειμι,
1259 2403 1292 2439 si
1316 2403 1437 2439 oratio
1458 2408 1561 2440 esset
1580 2401 1729 2451 Lysiae.
1759 2424 1801 2429 —-
1830 2404 1853 2449 ξ
1883 2406 1940 2441 13.
1960 2401 2141 2450 ἐκλέγειν,
2169 2400 2270 2450 quod

144 2461 299 2498 verbum
326 2460 476 2499 codices
502 2460 698 2509 praebent,
723 2460 763 2497 in
777 2459 968 2508 ἐπιλέγειν
982 2478 1028 2491 =
1048 2461 1232 2509 ἐπίλογον
1249 2461 1374 2508 λέγειν
1403 2461 1614 2510 „epilogum
1632 2461 1793 2508 dicere‘·,
1808 2460 1967 2498 mutavit
1985 2460 2186 2509 Emperius
2199 2462 2270 2505 ⁸²).

332 2549 373 2585 ⁷⁸)
393 2548 612 2589 nobba-ger,
633 2558 660 2580 z.
675 2558 721 2581 or.
734 2548 806 2580 XII.
822 2550 893 2580 100.
928 2549 1028 2581 XXX.
1052 2551 1102 2581 84.
1137 2550 1177 2587 ⁷⁷)
1190 2549 1355 2589 Franken‚
1377 2557 1407 2580 a.
1421 2557 1451 2579 a.
1465 2548 1501 2579 Ο.
1515 2558 1546 2589 p.
1558 2550 1607 2580 60.
1641 2550 1682 2588 ⁷⁸)
1694 2548 1831 2589 Kayser,
1843 2549 2030 2589 Philologus
2042 2549 2142 2581 XXV.
2155 2559 2184 2590 p.
2198 2549 2269 2581 327.

145 2601 185 2641 n)
203 2600 389 2641 Emperius,
410 2602 573 2632 observat.
595 2610 628 2641 p.
653 2602 701 2632 18.
747 2602 788 2641 ⁸⁰)
810 2600 984 2641 Kirchner,
1007 2610 1035 2633 a.
1059 2610 1088 2633 a.
1113 2599 1149 2631 Ο.
1171 2610 1203 2640 p.
1225 2602 1274 2632 21.
1326 2602 1365 2639 ⁶¹)
1387 2601 1418 2632 J.
1440 2601 1471 2632 J.
1494 2602 1545 2641 91,
1565 2611 1596 2641 p.
1620 2602 1690 2632 604.
1736 2602 1778 2639 ⁸²)
1800 2609 1831 2632 a.
1852 2609 1881 2632 a.
1905 2599 1941 2633 Ο.
1963 2611 1994 2641 p.
2015 2602 2066 2633 21.
