2461 3078
1121 86 1342 121 -6-

153 188 385 235 sententiae,
420 187 588 234 τούτους
622 189 674 236 §5
715 188 752 229 2.
785 188 821 228 3.
863 188 920 229 10.
958 189 1014 228 11.
1052 198 1129 227 non
1168 187 1336 236 ejusdem
1362 187 1511 237 collegii
1542 188 1668 228 socios
1707 199 1805 235 esse,
1846 189 2001 230 obstant
2034 187 2150 229 etiam
2188 187 2303 228 verba

153 249 180 295 9
205 247 255 286 20
278 252 362 285 τῶν
385 247 427 285 δὲ
449 246 502 296 μὴ
521 248 735 296 χρωμένων
759 246 900 285 οὐδένα
921 247 1103 293 πώποτε,
1139 259 1225 285 cum
1256 247 1371 286 sociis
1404 247 1516 285 modo
1555 259 1637 286 mos
1660 249 1712 286 sit
1743 260 1809 287 eos
1842 247 2112 295 calumniandi,
2137 258 2302 296 quorum

152 305 430 344 familiaritate·
455 308 627 344 utuntur.
699 305 840 344 Orator
872 305 977 355 apud
1012 305 1166 344 eosdem
1198 309 1258 344 est
1291 309 1514 351 accusatus,
1549 316 1647 355 quos
1681 305 1777 348 socii
1816 306 1923 356 apud
1955 306 2083 357 ipsum
2119 309 2304 357 sconsam

155 366 180 412 θ
210 367 247 403 3.
278 365 345 402 καὶ
374 368 500 402 ταῦτα
534 364 636 413 πρὸς
668 364 836 409 τούτους
866 362 963 413 ἡμᾶς
997 365 1236 410 διαβάλλειν,
1279 363 1348 409 οὓς
1370 364 1471 412 πρὸς
1504 362 1601 413 ἡμᾶς
1633 362 1776 409 αὐτοὺς
1800 365 2019 411 διεβάλλετε
2027 380 2042 410 ;
2067 367 2091 412 ξ
2119 365 2163 402 17
2198 364 2302 404 διότι

153 423 255 473 πρὸς
281 422 346 471 ἐμὲ
370 421 464 466 τοὺς
487 419 632 465 ἄλλους
655 421 804 470 ἐλέγετε
828 426 969 467 κακῶς,
1003 422 1334 472 παρακαταθήκην
1366 421 1465 470 ἔχων
1489 419 1600 470 ὑμῶν
1623 423 1714 472 παρ’
1750 421 1917 462 ἑκάστου
1939 424 2079 473 λόγους
2102 423 2299 474 πονηροὺς

155 483 247 532 περὶ
271 480 465 530 ἀλλήλων.
516 479 617 518 Socii
642 480 777 530 perfidi
802 485 994 518 oratorem
1021 491 1096 517 non
1120 480 1232 518 modo
1260 480 1363 529 apud
1382 485 1530 519 ceteros
1548 479 1674 519 socios
1697 481 1961 534 criminantur,
1985 482 2054 521 sed
2090 482 2301 534 etiamtos

157 539 261 590 apud
289 539 396 577 illum
430 542 455 587 g
483 541 529 577 16
567 534 636 578 ὅτε
669 541 735 577 καὶ
766 539 867 587 ,πρὸς
901 538 967 587 ἐμὲ
999 540 1089 586 ,περὶ
1121 537 1231 587 ὑμῶν
1256 538 1387 578 αὐτῶν
1418 539 1566 587 ἐλέγετε
1598 542 1809 587 κακῶς”)·
1860 539 2040 586 Quamvis
2064 540 2158 580 haec
2183 542 2300 580 verba

157 597 424 639 contradicant
452 596 581 637 verbis
604 599 629 645 ξ
657 598 702 635 19
726 596 825 637 ἀλλὰ
848 598 914 636 καὶ
937 603 1011 636 νῦν
1040 595 1148 647 ὑμεῖς
1172 612 1219 647 με
1246 598 1372 647 μόνον
1402 602 1532 643 κακῶς
1564 598 1694 648 λέγετε
1724 602 1763 637 et
1799 601 1823 647 ξ
1861 600 1905 638 19
1937 598 2069 649 ἐπειδή
2101 613 2176 650 περ
2210 597 2302 650 ὑμῖν

156 657 251 703 ἔθος
274 657 382 695 ἐστὶν
406 655 475 695 ἕνα
497 663 580 695 τῶν
603 657 805 704 ξυνόντων
830 655 889 695 ἀεὶ
914 662 1045 702 κακῶς
1069 658 1194 705 λεγειν
1217 660 1282 695 καὶ
1307 665 1446 702 ποιεῖν,
1481 657 1543 695 ubi
1577 657 1624 695 de
1660 658 1771 696 unius
1803 659 1898 697 socii
1928 658 2127 697 calumniis
2163 659 2302 707 agitur,

156 719 285 754 tamen
321 714 416 752 ferri
450 720 615 765 possunt
653 726 700 752 ex
736 715 863 753 studio
901 716 1065 753 oratoris
1103 715 1228 753 socios
1264 714 1519 753 calumniosos
1551 715 1777 754 ostendendi
1810 718 1864 764 [ἐξ
1904 718 1958 755 16.
2000 717 2055 756 18.
2098 720 2152 756 19.
2203 717 2302 757 Sunt

157 773 275 821 igitur
310 774 467 822 πάρεισι
500 775 573 823 μὲν
609 773 704 811 socii
744 773 893 823 perfidi,
927 778 965 810 et
998 786 1067 822 per
1103 774 1218 811 verba
1253 775 1406 822 πάρεισι
1441 774 1482 811 δὲ
1518 772 1738 821 adloquitur
1779 779 1909 813 orator
1933 776 2070 821 socios,
2097 777 2161 824 qui
2187 776 2300 815 amici

158 835 262 872 sunt.
314 832 407 871 Cum
426 832 624 881 collegium
650 826 772 878 omne,
799 837 837 870 et
861 832 899 878 ii,
922 832 985 881 qui
1000 837 1190 870 oratorem
1207 835 1493 878 accusaverunt,
1520 835 1558 868 et
1579 832 1703 879 amici,
1730 833 1794 882 qui
1821 844 1897 872 non
1917 832 2066 880 judices
2086 833 2133 872 de
2162 834 2299 873 ceteris

158 891 286 936 sociis,
316 890 385 928 sed
420 890 535 927 iidem
572 890 675 938 apud
700 894 890 927 oratorem
917 891 1089 927 accusati
1119 895 1218 930 sunt.
1245 890 1474 935 convenerit,
1506 890 1553 926 ob
1584 894 1831 939 utrorumque
1862 892 2118 939 praesentiam
2155 903 2297 940 oppor-

158 952 291 987 tunam
325 951 456 985 orator
490 947 604 986 sociis
640 947 848 997 opprobria
872 947 965 985 facit
997 947 1044 984 dc
1079 947 1277 985 calumniis
1306 947 1343 984 in
1369 958 1410 985 se
1435 946 1598 994 injectis,
1633 951 1675 985 ut
1700 948 1834 987 amicis
1861 949 2048 997 ostendat,
2084 961 2125 987 se
2150 950 2197 988 ab
2223 949 2299 988 illis

159 1019 244 1046 esse
269 1007 418 1045 laesum
442 1006 697 1054 innocentem,
725 1014 763 1043 et
788 1010 830 1043 ut
855 1018 875 1044 e
899 1006 1082 1044 societate
1110 1006 1352 1044 discessurus
1379 1006 1586 1044 amicitiam
1612 1006 1817 1046 renuntiet.

337 1064 442 1108 Quae
467 1065 596 1102 omnia
609 1064 754 1102 oratori
780 1065 873 1102 socii
894 1064 1113 1111 objecerint,
1140 1077 1186 1102 ex
1208 1065 1379 1102 oratione
1398 1065 1486 1113 ipsa
1509 1076 1737 1111 cognoscere
1764 1076 1838 1103 non
1868 1076 2081 1114 possumus,
2111 1068 2134 1114 ξ
2159 1069 2183 1104 4
2214 1078 2298 1105 cum

160 1127 292 1161 orator
318 1135 393 1160 non
408 1121 539 1161 omnes
559 1122 769 1161 calumnias
782 1122 834 1159 sit
852 1127 1152 1167 enumeraturus.
1203 1122 1327 1170 Turpe
1348 1128 1474 1160 tamen
1492 1123 1636 1159 oratori
1657 1122 1801 1171 aliquid
1822 1123 2029 1172 opprobrio
2047 1135 2131 1162 esse
2149 1124 2291 1163 factum

137 1195 186 1220 -a
210 1182 325 1221 sociis
353 1182 523 1221 videmus
550 1186 587 1220 et
612 1194 660 1219 ex
686 1180 766 1228 ejus
793 1181 955 1228 silentio,
982 1194 1056 1230 quo
1081 1181 1291 1220 calumnias
1326 1181 1527 1229 praeterit,
1563 1184 1600 1219 et
1625 1193 1673 1219 ex
1703 1180 1890 1229 vestigiis,
1921 1192 2017 1229 quae
2053 1181 2299 1222 inveniuntur

159 1240 200 1279 in
226 1242 250 1289 ἓ
275 1241 300 1278 6
322 1240 356 1279 εἰ
395 1240 437 1278 δὲ
473 1240 632 1290 αἰσχρὸν
668 1238 825 1290 ἡγεῖσθε
861 1246 1002 1284 τοῦτο,
1037 1245 1122 1285 πῶς
1162 1240 1322 1288 αἰσχρὸν
1355 1235 1404 1289 ἢν
1438 1238 1529 1288 ὑμῖν
1559 1244 1749 1287 ξυνεῖναι,
1777 1240 1878 1288 πρὸς
1907 1238 1955 1276 ὃν
1988 1238 2078 1277 οὐδὲ
2110 1239 2292 1278 ἀπειπεῖν

159 1301 284 1338 καλὸν
309 1299 466 1349 ἡγεῖσθε
492 1304 531 1337 et
555 1302 578 1345 ξ
605 1300 629 1336 8
684 1295 748 1336 ὅτι
772 1307 959 1348 πονηροῖς
985 1298 1141 1342 ἑκόντες
1167 1298 1346 1346 ὁμιλεῖτε.
1399 1299 1473 1336 Sed
1498 1299 1531 1337 si
1557 1303 1687 1336 orator
1713 1299 2000 1337 coramamicis
2026 1299 2111 1337 fidis
2135 1312 2176 1337 se
2201 1312 2291 1349 pur-

160 1368 251 1405 gare
279 1357 491 1403 constituit,
517 1356 729 1395 calumniae
757 1355 983 1395 refellendae
1013 1362 1122 1395 erant
1139 1359 1209 1403 ³4).

337 1415 418 1460 Quo
451 1415 636 1453 orationis
667 1415 776 1452 titulo
812 1425 887 1452 non
913 1416 1119 1462 significari
1154 1416 1212 1461 id,
1250 1415 1349 1464 quod
1387 1415 1558 1452 oratione
1594 1414 1829 1460 continetur,
1868 1414 1936 1452 sed
1975 1415 2186 1453 orationem
2218 1428 2296 1454 non

160 1477 397 1525 κατηγορίαν
411 1474 479 1513 sed
494 1474 710 1523 ἀπολογίαν
725 1485 809 1512 esse
824 1475 863 1511 in
877 1474 1158 1518 accusationem
1176 1486 1250 1511 non
1266 1475 1491 1512 instructam
1501 1473 1568 1511 sed
1582 1472 1839 1510 imminentem
1854 1477 1965 1523 putat
1979 1473 2296 1522 Gleinigerus.⁸⁵)

161 1533 237 1573 Sed
260 1545 343 1572 cum
371 1539 503 1572 orator
527 1544 548 1570 e
575 1532 730 1580 collegio
757 1533 983 1570 decessurus
1011 1538 1049 1569 et
1074 1533 1206 1569 amicis
1234 1532 1442 1581 opprobria
1466 1533 1591 1570 facere
1619 1535 1657 1569 et
1682 1543 1723 1569 se
1748 1543 1912 1580 purgare
1939 1533 2079 1581 cupiat,
2118 1534 2297 1572 facillime

161 1604 186 1631 a
210 1605 251 1631 se
280 1592 517 1631 defendendo
552 1591 601 1630 ad
630 1592 774 1630 amicos
809 1592 973 1641 perfidos
1008 1592 1244 1631 accusandos
1273 1591 1433 1639 ducitur,
1471 1602 1591 1639 neque
1618 1594 1746 1628 tamen
1778 1590 1987 1628 orationem
2022 1584 2299 1631 accusatoriam

161 1651 356 1690 habemus.
405 1650 551 1688 Titulus
577 1650 764 1688 orationis
787 1652 1000 1700 κατηγορία
1024 1651 1124 1699 πρὸς
1137 1650 1229 1693 τοὺς
1243 1650 1518 1692 συνουσιαστὰς
1533 1652 1788 1697 κακολογιῶν,
1815 1650 1985 1697 quamvis
2001 1650 2110 1687 nobis
2124 1650 2233 1689 libris
2248 1652 2300 1689 sit

161 1710 338 1756 traditus,
364 1713 490 1748 tamen
518 1722 566 1747 ex
589 1709 775 1747 orationis
802 1709 929 1747 verbis
953 1709 1050 1758 ipsis
1076 1709 1219 1757 petitus
1245 1708 1394 1746 videtur
1420 1719 1514 1746 esse.
1566 1706 1848 1746 Grammaticus
1874 1707 2027 1756 quidam
2048 1707 2146 1756 juris
2180 1710 2290 1749 attici

160 1778 237 1805 non
262 1768 410 1817 peritus
437 1768 599 1805 mutavit
623 1769 710 1816 δίκη
734 1768 967 1816 κακηγορίας
992 1767 1071 1803 sive
1095 1768 1409 1814 κακολογίας36),
1437 1777 1533 1813 quae
1553 1777 1626 1801 vox
1650 1770 1752 1802 recte
1769 1765 1815 1801 de
1833 1766 2055 1812 injuriarum
2077 1768 2289 1806 actionibus

161 1827 312 1875 dicitur,
338 1839 385 1865 ex
410 1826 536 1865 verbis
562 1826 750 1864 orationis
775 1825 871 1875 ipsis
892 1829 1107 1874 κακολογῶ,
1143 1824 1245 1874 quod
1272 1825 1424 1862 verbum
1449 1825 1487 1862 in
1505 1823 1641 1873 Lysiae
1660 1823 1897 1862 orationibus
1924 1836 2111 1873 nusquam
2131 1829 2169 1864 et
2190 1826 2295 1875 apud

160 1885 367 1934 scriptores
394 1885 629 1934 posteriores
654 1884 850 1921 rarissime
875 1884 1077 1930 invenitur,
1102 1889 1231 1928 κακῶς
1256 1885 1355 1933 λέγω
1385 1886 1408 1930 ἓ
1430 1884 1466 1922 5.
1494 1885 1528 1920 3.
1569 1884 1613 1919 14
1639 1883 1708 1920 bis.
1740 1883 1793 1920 17.
1829 1884 1874 1920 19
1902 1883 1959 1920 bis
1990 1884 2050 1921 20.
2086 1887 2299 1934 κατηγορία

160 1947 440 1993 κακολογιῶν,
486 1943 630 1982 Eodem
665 1942 778 1980 modo
816 1943 970 1981 verbum
997 1943 1219 1981 inusitatum
1247 1941 1524 1985 συνουσιαστὰς
1550 1953 1598 1979 ex
1622 1941 1798 1979 oratione
1830 1940 1919 1991 ipsa
1943 1943 1967 1989 ξ
1991 1943 2028 1981 5.
2053 1943 2088 1981 6.
2115 1947 2297 1991 ξυνεῖναι,

160 2004 184 2050 ξ
211 2004 231 2040 7
255 2003 427 2049 συνόντι,
453 2005 476 2050 ξ
506 2003 552 2041 16
573 2003 780 2047 συνουσίας
816 2001 854 2039 in
885 2001 1035 2040 titulum
1063 2002 1231 2051 irrepsit.
1285 2001 1411 2039 Verba
1428 2001 1705 2050 συνουσιαστής
1719 2003 1757 2038 et
1776 2002 1998 2050 κακολογία,
2025 2002 2072 2038 ab
2100 2007 2295 2041 oratorum

161 2061 365 2099 atticorum
392 2074 462 2099 usu
488 2062 736 2099 abhorrentia
763 2073 838 2098 non
862 2065 964 2099 recte
982 2073 1005 2098 a
1022 2061 1261 2098 Buermanno
1281 2061 1493 2098 afferuntur
1510 2060 1560 2097 ad
1578 2060 1790 2097 orationem
1810 2071 1833 2096 a
1850 2058 1967 2108 Lysia
1987 2060 2292 2110 abjudicandam,

160 2130 243 2157 cum
263 2119 403 2157 titulos
427 2120 646 2157 orationum
673 2130 792 2168 neque
818 2118 969 2167 Lysiam
996 2130 1116 2167 neque
1141 2123 1314 2157 auctores
1342 2119 1447 2168 ipsos
1473 2117 1629 2165 scriptis
1654 2116 1976 2165 superscripsisse
2013 2124 2163 2157 constet
2197 2121 2298 2158 inter

159 2190 303 2225 omnes,
325 2177 393 2217 sed
414 2179 684 2226 grammaticos
699 2176 988 2224 Alexandrinos,
1014 2177 1315 2225 Pergamenosve
1333 2177 1642 2216 bibliothecarum
1662 2175 1854 2224 catalogos
1875 2177 2098 2218 scribentes.
2162 2178 2297 2229 Itaque

159 2236 302 2286 duplici
328 2235 478 2274 ratione
503 2236 638 2274 titulus
664 2239 796 2273 noster
814 2235 923 2272 valde
940 2236 987 2272 ab
1010 2236 1282 2273 Alexandrinis
1306 2237 1528 2284 discrepans
1552 2236 1608 2272 ita
1636 2234 1989 2283 declarari'potest,
2015 2240 2057 2273 ut
2081 2240 2149 2273 aut
2171 2237 2294 2274 oratio

157 2299 291 2334 nostra
311 2294 584 2334 Alexandrinis
609 2294 727 2332 fuerit
751 2294 895 2342 ignota,
919 2298 984 2332 aut
1010 2294 1142 2333 titulus
1168 2294 1215 2333 ab
1242 2293 1514 2333 Alexandrinis
1540 2291 1825 2343 superscriptus
1850 2297 1987 2343 postea
2015 2294 2066 2333 sit
2090 2298 2295 2345 corruptus

158 2357 197 2391 et
217 2353 452 2403 deperditus.
504 2354 587 2391 Nisi
613 2353 741 2390 dolum
766 2352 908 2390 malum
935 2353 1120 2401 ejus,.qui
1147 2354 1243 2390 hanc
1270 2354 1479 2389 orationem
1504 2352 1734 2400 composuit,
1772 2355 1962 2399 putamus,
1986 2352 2143 2389 fortuito
2170 2353 2294 2390 oratio

157 2411 198 2450 in
222 2424 420 2450 numerum
445 2411 694 2460 Lysiacarum
736 2411 793 2448 ita
816 2408 986 2460 irrepsit,
1023 2414 1065 2448 ut
1100 2412 1146 2458 is,
1179 2412 1241 2460 qui
1280 2411 1424 2460 primus
1451 2410 1587 2459 Lysiae
1623 2409 1859 2447 orationibus
1894 2409 2088 2456 attribuit,
2126 2410 2294 2448 externis

157 2471 402 2519 argumentis,
426 2470 593 2509 fortasse
607 2481 747 2518 magna
761 2469 1001 2508 antitheseon
1019 2470 1128 2515 nube,
1153 2468 1408 2516 induceretur,
1423 2473 1461 2506 et
1480 2468 1718 2516 grammatici
1736 2468 1832 2505 falso
1848 2468 1894 2505 de
1911 2472 2066 2506 auctore
2078 2468 2294 2516 judicantes

336 2550 373 2589 ⁸³)
395 2549 593 2589 Buermann.
614 2558 644 2580 a.
667 2558 697 2581 a.
720 2548 756 2580 Ο.
778 2559 810 2589 p.
833 2550 904 2580 367.
950 2548 989 2586 ³⁴)
1013 2547 1177 2587 Franken,
1199 2556 1228 2578 a.
1242 2558 1271 2579 a.
1286 2548 1324 2578 Ο.
1346 2557 1375 2587 p.
1392 2549 1442 2578 59.
1487 2548 1524 2585 ³⁵)
1547 2547 1765 2587 Gleinigerus,
1784 2556 1813 2579 a.
1843 2556 1871 2578 a.
1886 2548 1921 2579 Ο.
1945 2557 1977 2587 p.
2007 2549 2076 2578 150.
2121 2549 2158 2583 ³⁶)
2181 2548 2296 2588 Meier,

156 2600 249 2634 Proc.
273 2610 305 2642 p.
330 2603 401 2634 481.
446 2602 485 2641 ³⁷)
508 2600 674 2642 Franken,
696 2610 726 2634 a.
750 2610 779 2633 a.
803 2600 839 2633 Ο.
861 2610 893 2641 p.
917 2601 968 2631 20.
