2461 3078
1095 78 1316 113 —7—

145 178 184 218 ei
206 179 462 219 attribuerent
487 180 709 227 orationem,
744 177 850 227 cujus
878 179 1020 217 nomini
1057 184 1139 219 erat
1174 180 1424 231 adscriptum.
1475 180 1643 230 Simplex
1669 180 1806 230 Lysiae
1836 179 2024 228 elegantia
2053 179 2191 219 multos
2218 180 2268 218 ad

145 238 399 276 imitationem
425 239 618 283 excitavit,
644 242 689 275 ut
712 237 820 274 multi
850 237 998 275 falsarii
1023 239 1240 286 existerent,
1266 241 1330 288 qui
1345 239 1482 287 Lysiae
1499 240 1721 287 suppositas
1747 239 1938 277 orationes
1955 240 2107 286 regibus
2127 239 2267 286 Perga-

146 296 267 336 menis
281 296 414 335 aliisve
431 291 661 345 venderent3
684 295 796 343 vulgo
810 298 936 334 autem
950 295 1130 345 homines,
1157 291 1245 347 qnid
1261 297 1451 336 distarent
1468 308 1558 335 aera
1572 297 1727 347 lupinis,
1741 308 1817 335 non
1835 295 2184 335 animadverterunt
2198 300 2268 345 ⁸⁷).

322 355 503 403 Exordio,
529 365 603 405 quo
630 366 770 393 causae
796 354 945 392 dicendi
970 354 1188 402 afferuntur,
1213 361 1251 394 et
1276 356 1436 405 epilogo,
1464 367 1537 404 quo
1563 356 1755 394 sodalibus
1781 354 1908 393 infidis
1922 359 2053 393 orator
2077 355 2269 400 valedicit,

146 413 328 462 exceptis,
354 414 478 451 oratio
504 413 722 451 summatim
762 412 945 450 dividitur
978 413 1017 450 in
1042 415 1122 450 tres
1147 418 1292 462 partes,
1328 425 1485 463 quarum
1519 415 1642 463 prima
1674 419 1734 452 est
1767 414 1931 452 invectio
1963 414 2002 465 in
2036 413 2186 452 sodales
2221 414 2268 451 ob

146 471 353 510 calumnias
376 472 537 521 injectas
564 474 588 520 ξ
613 472 722 519 3-8,
751 472 872 510 011010
884 472 1024 510 transit
1037 471 1086 509 ad
1113 472 1283 525 nuntium
1300 475 1323 520 ξ
1337 475 1360 510 8
1375 474 1465 521 περὶ
1480 472 1551 521 μὲν
1568 467 1724 512 οὖντοῦ
1736 473 1930 523 λέγοντος,
1948 472 2062 511 101110
2078 473 2269 511 sociorum

146 530 344 579 perfidiam
370 530 495 568 tribus
516 530 595 578 ,iam
622 534 736 568 autea
760 530 873 568 rebus
897 530 1015 577 gestis
1043 530 1222 568 ostendit.

322 588 586 639 Opportunum
612 588 762 628 dicendi
790 592 941 638 tempus
967 591 1100 627 nactus
1126 593 1257 627 orator
1283 589 1377 628 dicit
1403 588 1450 626 de
1476 588 1523 627 iis
1555 588 1680 637 rebus,
1707 589 1753 627 de
1779 590 1913 640 quibus
1939 590 2018 638 jam
2055 588 2120 626 diu
2155 588 2271 627 verba

145 647 315 685 facturus
341 653 435 687 erat.
484 648 642 687 Adsunt
661 650 761 687 enim
786 660 862 686 non
897 646 1010 685 modo
1045 647 1084 695 ii,
1110 649 1174 697 qui
1199 661 1281 686 eum
1309 648 1507 686 calumniis
1534 647 1742 687 affecerunt
1766 650 1918 698 πάρεισι
1947 663 2034 698 μεν,
2059 648 2128 687 sed
2154 648 2268 686 etiam

145 706 184 752 ii,
217 716 345 744 coram
372 707 507 756 quibus
533 711 572 745 et
596 718 776 745 accusare
802 706 944 744 amicos
977 705 1142 754 perfidos
1169 711 1206 744 et
1230 719 1270 744 se
1295 718 1459 755 purgare
1485 707 1603 754 cupit.
1655 706 1871 756 Sequuntur
1895 712 1974 745 tum
1997 707 2115 744 verba
2140 708 2270 744 καίτοι

145 767 282 814 πολλῷ
291 767 438 803 πλείων
457 765 538 803 ἐστὶ
551 766 701 815 σπουδὴ
713 766 813 814 πρὸς
825 765 917 809 τούς
936 764 1143 813 παρόντας,
1158 776 1252 813 quae
1267 766 1321 803 sic
1335 764 1495 812 intelligi
1511 776 1585 802 non
1606 770 1778 814 possunt.
1804 764 1982 809 Quamvis
1996 765 2270 814 Emperius³⁸)

146 834 277 862 ansam
305 823 523 862 offensionis
548 823 732 873 praebere
758 823 874 861 verba
898 830 1018 870 neget,
1045 823 1078 860 si
1102 823 1185 872 quis
1204 822 1252 860 ad
1271 823 1410 863 alteros
1438 835 1644 862 conversus
1671 824 1811 861 alteros
1842 828 2064 873 praesentes
2092 824 2270 873 appellet,

145 885 383 919 tamencum
410 882 561 929 utrique
588 882 728 925 adsint,
754 886 835 919 tam
852 882 1141 927 obtrectatores,
1168 893 1277 929 quam
1304 883 1428 929 amici,
1455 894 1582 920 coram
1609 883 1744 930 quibus
1771 895 1871 921 nunc
1891 888 2019 920 orator
2046 883 2269 931 pronuntia-

144 943 254 977 turus
279 942 349 987 est,
375 943 442 976 aut
464 939 608 976 oratori
633 939 835 978 dicendum
859 944 929 986 est,
968 950 1008 976 se
1034 939 1160 976 animo
1198 950 1280 977 esse
1299 939 1448 977 diverso
1479 941 1517 977 in
1541 944 1775 989 praesentes,
1804 945 1871 978 aut
1887 940 2126 978 desideratur
2160 940 2269 978 addi-

144 1002 365 1044 tamentum,
391 1003 479 1036 utra
503 1009 595 1047 pars
621 998 748 1036 verbis
775 998 1018 1046 significetur.
1068 997 1127 1035 Ex
1153 1009 1252 1035 nexu
1281 999 1552 1036 sententiarum
1574 1002 1612 1036 et
1630 998 1875 1046 subsequenti
1893 999 2089 1037 enuntiato
2109 999 2272 1048 τοὺςμὲν

144 1065 229 1102 τοῖς
249 1057 302 1103 δὲ,
328 1057 448 1095 elucet
474 1068 539 1094 eos
579 1056 784 1102 auditores,
823 1068 950 1095 coram
989 1057 1124 1105 quibus
1161 1061 1405 1094 accusaturus
1444 1062 1502 1095 est
1536 1056 1680 1095 01111008
1714 1058 1879 1106 perfidos
1915 1062 2064 1105 orator,
2094 1069 2177 1095 esse
2211 1058 2271 1094 10-

142 1114 383 1162 telligendos.
435 1114 685 1152 Marklandus
712 1115 876 1152 scribam
894 1115 1120 1153 versiculum
1142 1126 1254 1152 unum
1275 1119 1363 1163 post
1391 1115 1485 1159 τοὺς
1501 1115 1700 1163 παρόντας
1715 1116 1888 1154 0101818εο
1906 1120 2027 1165 putat,
2053 1126 2126 1164 quo
2145 1119 2272 1152 cetera

146 1173 331 1223 explicari
356 1176 546 1223 poterant,
574 1184 683 1222 quem
710 1173 881 1222 sequitur
907 1173 953 1212 de
979 1172 1140 1212 Leutseh
1154 1174 1224 1220 ³⁹),
1252 1176 1357 1212 ratus
1380 1173 1616 1213 enuntiatum
1634 1173 1740 1213 etad
1760 1173 2030 1214 declarandum
2050 1173 2274 1224 ἐπιτήδειον

147 1233 285 1281 καιρὸν
310 1235 349 1269 et
375 1242 448 1281 quo
472 1231 556 1268 1000
584 1236 714 1268 orator
739 1242 818 1267 rem
846 1243 953 1268 suam
980 1243 1137 1280 eamque
1163 1231 1265 1279 apud
1300 1232 1395 1268 alios
1421 1244 1532 1278 agere
1559 1233 1747 1280 potuerit,
1783 1237 1871 1269 ante
1904 1235 2033 1270 καίτοι
2071 1232 2271 1269 excidisse.

147 1291 222 1329 Sed
247 1291 341 1330 haec
365 1292 483 1329 verba
508 1291 727 1340 ἐπιτήδειον
752 1292 889 1339 καιρὸν
907 1304 909 1306 ’
927 1303 996 1339 per
1034 1290 1271 1328 enuntiatum
1297 1292 1450 1339 πάρεισι
1475 1292 1545 1339 μὲν
1571 1313 1618 1319 -—
1645 1292 1797 1341 πάρεισι
1824 1291 1866 1329 δὲ
1892 1290 2152 1337 declarantur,
2186 1302 2271 1329 cum

146 1349 192 1387 ob
219 1349 476 1398 praesentiam
515 1355 760 1398 utrorumque
787 1353 1042 1397 opportunum
1070 1352 1220 1398 tempus
1245 1349 1360 1385 verba
1385 1349 1545 1386 faciendi
1571 1350 1720 1386 venisse
1736 1354 1847 1398 putet
1860 1354 2001 1387 orator.
2053 1350 2272 1394 Bakius⁴⁰)

148 1407 282 1456 adjicit
306 1408 355 1445 ad
380 1408 625 1457 participium
653 1408 851 1456 παρόντας
877 1407 970 1456 ἐμοῦ
996 1406 1108 1445 ἕνεκα
1132 1407 1295 1445 fortasse
1323 1411 1429 1445 ratus
1457 1409 1554 1445 alius
1582 1408 1731 1455 collegii
1757 1420 1841 1446 esse
1868 1409 2004 1446 socios.

320 1460 398 1504 Alii
424 1466 474 1504 ad
500 1465 728 1504 sententiam
756 1466 1042 1516 exprimendam
1070 1466 1308 1514 conjecturas
1345 1466 1531 1519 fecerunt;
1564 1471 1664 1514 sunt,
1701 1467 1765 1516 qui
1799 1467 2041 1516 participium
2076 1467 2274 1515 παρόντας

147 1528 304 1572 mutent,
331 1525 428 1563 alius
453 1525 529 1562 alio
556 1526 667 1562 modo
694 1525 817 1562 locum
845 1525 1109 1571 corrigendum
1126 1530 1266 1564 censet.
1318 1524 1522 1571 Gleinigeri
1557 1525 1786 1572 conjectura,
1813 1527 1876 1574 qui
1904 1527 2036 1564 scribit
2060 1526 2159 1573 πρός
2183 1525 2274 1568 τοὺς

145 1584 384 1632 δικάζοντας,
411 1595 504 1633 quos
530 1584 731 1631 eranistas‚
758 1583 820 1632 qui
847 1583 885 1621 in
912 1583 1052 1630 iudicio
1081 1589 1201 1631 erant,
1230 1588 1351 1633 putat,
1378 1583 1553 1622 facillime
1578 1583 1773 1632 refellitur,
1810 1596 1893 1622 cum
1926 1585 1964 1622 in
1988 1585 2160 1622 oratione
2187 1584 2273 1633 ipsa

145 1642 277 1679 horum
307 1642 479 1689 ι1111110001
519 1642 661 1679 nullum
692 1642 745 1679 sit
783 1643 995 1689 vestigium.
1047 1642 1308 1679 Buermannus
1336 1642 1590 1690 corruptelam
1627 1654 1702 1679 non
1732 1644 1770 1679 in
1805 1644 2010 1691 participio
2046 1655 2129 1680 esse
2164 1648 2271 1680 ratus

145 1700 313 1739 restituit
325 1713 394 1750 pro
414 1704 550 1751 πολλῷ
566 1702 714 1739 πλείων
729 1700 867 1739 11110118
885 1700 1074 1746 nonnullis
1093 1702 1249 1738 mutatis
1268 1702 1519 1749 πολυπείρων
1534 1706 1574 1739 111
1584 1702 1773 1740 sententia
1783 1702 1982 1740 verborum
2002 1701 2071 1740 sit:
2099 1700 2272 1739 diversus

126 1758 237 1794 ‘mihi
262 1763 321 1796 est
347 1760 494 1795 animus
519 1760 558 1795 in
584 1764 817 1807 praesentes,
870 1758 943 1795 Sed
957 1759 1120 1806 primum
1148 1761 1409 1806 πολυπείρων,
1435 1763 1493 1795 081
1506 1760 1675 1801 verbum,
1691 1760 1792 1807 quod
1808 1760 1910 1807 apud
1926 1765 2058 1808 poetas
2077 1760 2273 1795 rarissime

145 1812 336 1854 inv'enitur
350 1817 494 1867 (hymn.
510 1817 592 1856 Ger.
609 1818 709 1865 297),
731 1817 867 1855 deinde
883 1817 987 1854 notio
1007 1817 1116 1864 longe
1134 1821 1192 1854 est
1206 1816 1280 1854 alia
1296 1829 1341 1855 00
1353 1828 1448 1866 quae
1463 1817 1690 1866 requiritur;
1716 1819 1967 1867 πολυπείρων
1989 1822 2047 1855 081
2061 1816 2272 1866 multiplex,

145 1874 221 1911 late
248 1874 419 1923 diffusus,
435 1888 509 1913 non
525 1876 712 1922 diversus,
728 1887 839 1924 quam
855 1875 1168 1922 significationem
1189 1876 1447 1912 Buermannus
1462 1876 1676 1912 restitutam
1695 1877 1785 1914 vult.
1808 1877 2047 1913 Frankenius
2063 1879 2123 1920 ⁴¹)
2149 1876 2274 1921 legere

147 1933 227 1971 vult
251 1935 351 1983 πρὸς
375 1935 550 1980 τούτους,
576 1941 683 1972 ratus
710 1933 821 1972 facile
852 1933 934 1971 fieri
958 1934 1151 1983 potuisse,
1183 1942 1225 1972 ut
1261 1935 1639 1983 interpretamentum
1678 1935 1728 1973 ad
1764 1935 1921 1973 verbum
1954 1935 2136 1980 τούτους,
2172 1933 2274 1983 quod

146 1992 310 2042 aliquam
331 1993 445 2031 habet
469 1993 754 2040 obscuritatem,
780 2004 865 2030 cum
887 2004 1049 2042 sequens
1069 1993 1161 2038 τοὺς
1173 1994 1244 2042 μὲν
1263 2004 1337 2030 000
1359 1995 1490 2031 referri
1505 1999 1638 2043 posset
1663 1994 1711 2030 ad
1735 1987 1793 2032 ὧν
1810 1994 1989 2032 ἐναντίον
2012 1994 2079 2031 sed
2095 1994 2143 2030 ad
2160 1993 2276 2030 verba

147 2053 351 2090 remotiora
375 2049 432 2095 οῖς
458 2052 668 2100 ἐπεγκαλῶ,
694 2052 816 2090 lector
832 2053 967 2090 doctus
982 2052 1140 2090 adderet
1162 2053 1371 2102 παρόντας.
1421 2052 1528 2096 Quod
1554 2052 1932 2101 interpretamentum
1958 2054 1997 2091 in
2021 2052 2146 2090 locum
2171 2050 2275 2089 verbi

145 2109 310 2153 τούτους
335 2114 469 2158 postea
495 2115 553 2147 est
577 2110 837 2148 substitutum.
888 2110 991 2154 Quae
1028 2111 1260 2157 conjectura,
1294 2122 1407 2159 quam
1443 2112 1606 2159 probant
1630 2111 1867 2158 Gleinigerus
1880 2112 1922 2135 ⁴²
1931 2123 1952 2157 1,
1989 2111 2274 2156 Stutzerus⁴³),

145 2168 461 2219 Hertleinius⁴4)‚
488 2173 526 2207 et
550 2180 682 2207 sensus
697 2168 838 2218 optime
852 2169 1025 2207 redditur
1051 2173 1100 2218 et,
1127 2181 1199 2219 quo
1225 2169 1335 2207 modo
1353 2170 1569 2219 corruptela
1582 2170 1620 2207 in
1642 2174 1786 2209 textum
1801 2170 2026 2220 pervenerit,
2041 2168 2273 2207 declaratur.

147 2227 275 2265 Verba
299 2229 399 2276 πρὸς
423 2228 587 2271 τούτους
611 2228 716 2265 (11010
741 2228 940 2271 δεικτικῶς
968 2238 1043 2263 000
1075 2233 1222 2264 tantam
1257 2234 1418 2276 possunt
1452 2230 1587 2265 habere
1625 2230 1915 2274 obscuritatem,
1942 2234 1983 2265 ut
2016 2240 2111 2276 opus
2139 2231 2189 2264 sit
2225 2227 2275 2264 ad

146 2287 261 2325 verba
297 2287 462 2332 τούτους
498 2285 660 2333 adjicere
695 2285 787 2330 τοὺς
821 2285 1019 2335 παρόντας
1032 2288 1104 2333 ⁴⁶).
1172 2287 1345 2324 Alterum
1395 2287 1590 2325 nembrum
1627 2291 1717 2337 post
1759 2286 2054 2336 comparativum
2097 2284 2276 2323 facillime

147 2347 358 2395 suppletur.
414 2346 548 2392 Verba,
575 2357 669 2394 quae
696 2346 987 2392 subsequuntur,
1012 2345 1104 2387 τοὺς
1127 2345 1199 2392 μὲν
1224 2347 1436 2383 referuntur
1463 2346 1512 2382 011
1525 2347 1696 2384 inimicos
1712 2347 1873 2383 oratoris
1888 2350 1925 2382 et
1939 2346 2136 2382 declarant
2161 2344 2277 2381 verba

323 2445 364 2483 ⁸⁹)
385 2444 545 2484 opuscula
566 2444 619 2475 ed.
640 2442 874 2482 Schneidewin,
895 2443 1162 2481 Gettingae1847
1183 2453 1214 2482 p.
1235 2444 1285 2474 65.
1331 2444 1369 2480 ³⁹)
1394 2444 1553 2482 Philolog.
1566 2443 1711 2473 XXXIII
1732 2454 1762 2483 p.
1775 2444 1836 2474 ⁷02
1889 2443 1931 2480 ⁴¹⁰)
1954 2442 1984 2473 J.
2000 2441 2102 2480 Bake,
2124 2441 2278 2473 Scholica

146 2495 404 2537 Hypomnemata
425 2495 666 2535 Lugduni-Bet.
694 2495 781 2526 1839.
813 2493 877 2525 vol.
899 2492 940 2524 IL
964 2503 993 2533 p.
1016 2493 1088 2524 229.
1131 2494 1170 2532 ⁴¹)
1194 2493 1365 2534 Franken,
1394 2504 1423 2526 a.
1446 2503 1476 2526 a.
1497 2504 1527 2534 p.
1551 2493 1586 2525 Ο.
1609 2495 1660 2525 62.
1704 2494 1746 2531 ⁴²)
1780 2493 1947 2532 Gleiniger
1976 2502 2005 2524 a.
2028 2501 2058 2524 a.
2080 2492 2116 2523 O.
2148 2503 2180 2533 p.
2206 2494 2276 2524 159.

146 2548 187 2586 ⁴⁸)
209 2547 351 2586 Stutzer‚
373 2556 403 2578 a.
425 2555 455 2578 a.
478 2545 514 2577 Ο.
537 2556 568 2586 p.
591 2547 661 2577 534.
708 2546 749 2586 ⁴⁴)
770 2541 932 2584 Hertlein,
953 2544 1174 2583 Konjecturen
1196 2555 1236 2575 zu
1257 2540 1379 2583 111-10011.
1397 2546 1604 2576 Prosaikern.
1648 2545 1790 2585 Lyceum
1808 2555 1848 2575 zu
1862 2544 2042 2574 Wertheim
2058 2546 2148 2575 1862.
2172 2554 2203 2583 p.
2228 2546 2279 2576 12.

147 2599 187 2639 ⁴⁵)
209 2597 412 2639 Heldmann,
445 2598 693 2630 emendationes
721 2597 892 2639 Lysiacae.
937 2595 1079 2637 Lyceum
1101 2596 1372 2628 Fridericianum.
1416 2595 1534 2628 Kassel
1557 2595 1646 2627 1875.
