2461 3078
1102 89 1346 123 -19-

167 195 415 242 abjudicatur,
440 194 631 231 invenitur
654 192 801 241 ἄφιλος.
851 194 933 231 Non
959 193 1091 230 eodem
1108 193 1219 230 modo
1238 194 1434 231 offensioni
1460 199 1519 230 est
1546 197 1826 237 πλουτοῦντας,
1864 206 1947 231 cum
1976 194 2096 231 Attici
2126 198 2283 230 utantur

167 254 362 299 πλούσιος.
397 252 471 291 Sed
496 256 654 302 propter
679 252 968 303 oppositionem,
992 264 1087 302 quae
1110 252 1270 291 efficitur
1294 264 1363 302 per
1388 253 1594 302 participia
1617 256 1886 297 πλουτοῦντας
1911 257 1949 290 et
1961 252 2190 302 πενόμενον,
2216 252 2286 291 hoc

167 314 249 351 loco
275 324 349 349 non
365 311 529 360 quadrat
552 311 736 354 πλούσιος
762 311 830 348 sed
855 311 965 348 modo
993 315 1189 350 πλουτῶν.
1216 333 1266 338 -
1290 310 1606 360 ὑπερευδοκιμεῖν
1630 311 1716 348 aliis
1741 312 1835 349 loeis
1862 323 1936 348 non
1964 311 2223 358 confirmatur,
2249 317 2289 349 et

168 372 318 422 Lysiae,
343 371 543 409 verborum
568 369 797 420 simplicium
824 370 979 418 amanti,
998 371 1184 409 sufficeret
1201 370 1426 420 εὐδοκιμεῖν.
1445 394 1493 399 -—
1517 371 1688 409 Pertzius
1708 376 1746 409 et
1771 371 2031 409 Buermannus
2056 372 2102 409 ob
2129 372 2284 410 verbum

168 433 421 475 σκαιοτάτους
435 431 644 469 orationem
661 442 684 469 a
704 431 819 481 Lysia
837 429 1127 478 abjudicandam
1145 435 1309 469 censent.
1360 431 1490 476 σκαιὸς
1515 430 1706 468 invenitur
1722 430 1808 480 Lys.
1835 430 1882 469 X.
1918 432 1958 467 15
1982 435 2020 468 et
2038 441 2154 481 saepe
2181 431 2284 480 apud

169 492 263 528 alios
289 492 496 539 scriptores
522 491 754 538 posteriores
773 491 962 527 notionem
988 490 1119 535 „laevi,
1134 490 1252 531 rudis,
1277 490 1381 526 stulti
1404 490 1588 526 nominis“
1613 489 1767 527 habens.
1819 491 2058 527 Contrarium
2086 497 2145 528 est
2162 492 2286 537 δέξιος

169 549 313 589 dexter.
364 550 416 588 At
443 548 616 588 hocloco
645 559 720 587 nou
747 553 824 587 tam
861 547 1046 587 stultitiae
1083 559 1192 598 quam
1229 548 1305 587 doli
1339 547 1563 596 significatio
1600 547 1825 597 requiritur,
1864 560 1947 587 cum
1980 549 2092 589 amici
2126 548 2283 589 fallaces

170 614 321 645 oratore
346 609 587 645 familiariter
611 609 670 645 usi
696 609 823 656 palam
852 608 886 643 ei
911 608 1059 644 absenti
1074 609 1315 645 maledicant.
1332 629 1383 634 -
1398 607 1452 643 Ob
1470 608 1621 643 verbum
1636 612 1866 653 φιλοσοφεῖν
1882 609 1959 653 jam
1978 609 2208 645 Holscherns
2223 611 2283 653 ⁹⁶)

169 679 216 706 ex
243 667 376 705 umbra
400 667 587 717 prodiisse
613 666 823 705 orationem
849 670 970 715 putat,
997 677 1115 715 neque
1142 671 1243 705 recte
1263 666 1526 712 Scheibius⁹⁶)
1551 672 1750 715 comparat
1768 666 1855 715 Lys.
1876 671 1971 706 orat.
1990 666 2129 706 XXIV.
2158 671 2216 706 10.
2233 667 2283 705 ad

170 725 322 761 verbum
340 725 615 762 defendendum
627 725 813 762 τοιοῦτόν
825 739 864 761 τι
876 729 1003 773 ζητεῖν
1015 727 1080 761 καὶ
1092 731 1210 761 τοῦτο
1225 729 1462 771 φιλοσοφεῖν,
1476 726 1539 760 ubi
1557 728 1785 771 φιλοσοφεῖν
1800 737 1883 761 cum
1899 730 2026 773 ζητεῖν
2038 728 2281 772 conjunctum

170 783 482 831 significationem
510 784 571 831 „id
599 784 733 831 agendi
761 783 1035 833 studendique“
1061 783 1185 828 habet,
1214 795 1309 833 quae
1334 796 1357 821 a
1376 788 1507 821 nostro
1526 782 1606 821 loco
1626 783 1734 821 valde
1753 783 1942 823 abhorret.
1993 784 2149 822 Praeter
2176 784 2279 822 illum

169 844 292 881 locum
320 845 471 881 verbum
499 844 602 892 apud
628 844 780 892 Lysiam
807 855 990 892 nusquam
1016 845 1207 881 invenitur
1233 854 1353 891 neque
1373 843 1512 891 Lysiae
1539 844 1771 892 temporibus
1794 844 1956 879 habebat
1983 844 2174 881 notionem
2203 856 2280 880 rem

169 903 404 952 propositam
432 914 534 940 more
553 901 859 951 philosophorum
885 903 1068 951 agitandi,
1093 914 1188 951 quae
1216 902 1286 940 hoc
1311 901 1394 940 loco
1415 901 1630 949 requiritur,
1662 907 1698 939 et
1722 913 1767 940 ea
1794 907 1883 951 post
1897 906 2070 950 tempora
2091 902 2284 940 Isocratea

169 962 319 998 videtur
343 961 501 998 venisse.
553 961 739 998 Isocrates
765 962 928 1009 primus,
953 963 1027 999 nisi
1054 961 1204 997 omnino
1231 960 1325 996 dicit
1361 961 1422 1005 „in
1451 961 1677 1005 cogitatione
1710 966 1747 996 et
1777 961 2008 998 tractatione
2039 961 2197 1006 alicujus
2224 962 2281 998 rei

168 1020 310 1060 versari
335 1019 446 1071 idque
472 1018 694 1070 praesertim
721 1020 895 1060 subtilius
922 1025 960 1060 et
984 1025 1089 1060 certa
1114 1019 1263 1071 quidem
1291 1019 1447 1067 via⁹⁷)“
1474 1019 1658 1059 transfert·
1682 1018 1731 1059 ad
1756 1031 1822 1059 eas
1850 1018 2074 1070 disciplinas
2102 1025 2141 1059 et
2167 1025 2284 1068 artes,

168 1091 264 1127 quae
293 1081 460 1115 homines
486 1081 628 1115 faciant
652 1080 824 1117 meliores
852 1086 889 1116 et
911 1086 1017 1117 ratus
1044 1081 1093 1116 ad
1118 1082 1188 1116 boc
1213 1081 1450 1127 potissimum
1469 1081 1591 1116 valere
1618 1080 1855 1126 eloquentiae
1883 1080 2048 1115 studium
2079 1081 2128 1115 ad
2156 1085 2275 1116 artem

169 1138 374 1176 oratoriam
401 1143 467 1175 aut
492 1138 638 1186 adjecto
665 1137 936 1185 additamento,
962 1140 1063 1188 quod
1090 1143 1209 1176 artem
1235 1139 1439 1176 oratoriam
1466 1138 1621 1183 indicet,
1649 1143 1715 1175 aut
1740 1149 1815 1175 non
1842 1137 1988 1185 adjecto
2005 1141 2076 1180 ⁹⁸).
2128 1137 2278 1187 Harpo-

168 1197 288 1234 cratio
303 1197 472 1235 declarat
484 1201 711 1246 φιλοσοφεῖν
740 1209 809 1247 per
822 1198 938 1235 verba
959 1201 1159 1236 ποιεῖσθαι
1175 1199 1337 1246 φάσκειν
1362 1215 1408 1227 =
1435 1197 1506 1243 „ad
1534 1196 1736 1234 dicendum
1764 1208 1804 1234 se
1830 1199 2004 1246 parare“.
2030 1218 2080 1223 —
2104 1200 2278 1246 περαίνω

168 1256 362 1293 rarissime
389 1257 490 1304 apud
517 1257 803 1305 oratores(Lys.
827 1257 929 1295 XIX.
956 1259 1006 1303 8),
1032 1269 1145 1306 saepe
1171 1257 1274 1305 apud
1296 1257 1488 1295 Platonem
1514 1256 1706 1293 notionem
1734 1257 2002 1304 „proficiendi⁶‘
2032 1257 2155 1303 habet,
2182 1269 2278 1306 quae

167 1318 297 1351 nostro
323 1315 404 1352 loco
431 1315 630 1355 invenitur.
681 1315 764 1353 Non
799 1316 954 1354 verbum
985 1317 1255 1355 πυνθάνοισθε
1289 1315 1616 1363 circumscriptum
1649 1319 1708 1352 est
1739 1324 1808 1363 per
1833 1316 2127 1364 πυνθανόμενοι
2147 1318 2280 1365 περαί-

167 1387 282 1419 νοιτε,
309 1374 374 1411 sed
401 1375 514 1412 verba
545 1375 613 1413 hoc
628 1375 739 1413 modo
758 1381 846 1413 sunt
867 1376 1080 1424 jungenda:
1106 1378 1327 1425 περαίνοιτε
1349 1374 1462 1413 οὐδὲν
1480 1374 1778 1422 πυνθανόμενοι
1796 1373 1916 1413 αὐτὸν
1930 1375 1953 1413 i.
1972 1388 2003 1414 e.
2023 1376 2140 1422 „nihil
2164 1377 2278 1425 profi-

167 1433 275 1471 cietis
302 1434 481 1472 certiores
507 1434 598 1472 facti
625 1434 671 1471 de
698 1446 753 1481 eo,
780 1435 844 1483 qui
870 1434 919 1472 ad
946 1445 1002 1472 me
1029 1446 1221 1473 sermones
1249 1434 1481 1478 detulit⁹⁹›“
1518 1455 1568 1460 —
1590 1433 1798 1481 ἐξελέγχειν
1822 1433 1870 1471 ἂν
1894 1434 2055 1484 ἐζήτουν
2082 1447 2165 1473 cum
2193 1446 2279 1482 gra-

165 1493 282 1530 vitate
307 1493 469 1541 quadam
495 1497 553 1530 est
578 1493 732 1540 dictum,
758 1493 1008 1539 „studuissem
1035 1502 1074 1531 ut
1101 1493 1372 1542 comperirem·‘
1398 1498 1439 1530 ut
1465 1493 1552 1541 Lys.
1583 1492 1642 1531 III.
1670 1494 1729 1531 38.
1755 1496 1816 1531 40.
1842 1515 1892 1520 -
1925 1495 2100 1542 τυγχάνω
2125 1495 2280 1532 verbum

163 1551 404 1599 conjunctum
429 1565 512 1590 esse
537 1565 621 1591 cum
647 1553 830 1591 infinitivo
857 1559 899 1591 ut
925 1553 1026 1603 apud
1045 1553 1287 1592 Plutarchum
1314 1553 1352 1590 in
1381 1565 1546 1590 errorem
1573 1551 1751 1590 inductus
1777 1551 1872 1591 dicit
1890 1552 2166 1600 Buermannus,
2194 1567 2280 1592 cum

163 1609 352 1658 ἐπιλέγειν
379 1611 543 1659 pendeat
568 1624 590 1648 a
616 1612 817 1661 participio
844 1612 1004 1662 δεηθείς.
1030 1635 1079 1640 -
1103 1612 1426 1662 ἐλευθεριώτερον
1452 1616 1582 1648 nostro
1607 1610 1690 1649 loco
1718 1611 1861 1648 dictum
1887 1616 1946 1649 est
1971 1623 2041 1661 pro
2064 1613 2278 1662 ἐλευθερώ-

162 1683 289 1717 τερον,
316 1682 400 1707 cum
427 1682 500 1707 non
526 1671 710 1718 significet
735 1672 962 1718 ,liberalius‘,
988 1673 1135 1709 homine
1153 1674 1269 1710 libero
1289 1673 1455 1718 dignum,
1480 1670 1547 1707 sed
1563 1670 1742 1715 ,liberius‘
1769 1676 1811 1707 ut
1827 1671 1928 1719 apud
1950 1671 2208 1711 Plutarchum.
2231 1695 2280 1700 -

163 1727 218 1766 De
248 1728 351 1767 verbi
369 1728 566 1775 ἀπόθετος
588 1729 741 1777 (Suidas
767 1731 954 1781 κείμενος)
985 1731 1255 1781 significatione
1273 1736 1310 1770 et
1330 1729 1609 1770 constructione
1644 1732 1745 1767 recte
1781 1728 1989 1770 dubitatur.
2041 1731 2156 1782 Apud
2182 1730 2278 1770 alios

163 1789 349 1835 significat
379 1791 549 1828 absolute
583 1791 771 1839 positum,
804 1796 1008 1838 ‚,secretus‚
1045 1793 1259 1839 singularis,
1298 1792 1534 1834 reconditus,
1567 1792 1763 1835 arcanus“,
1804 1791 1910 1827 Plato
1944 1791 2102 1828 Phaedr.
2136 1796 2208 1829 252
2235 1791 2277 1830 B.

162 1847 259 1886 Plut.
289 1847 386 1887 vui.
413 1852 496 1888 908.
535 1849 560 1888 1.
592 1849 790 1894 ἀπόθετος
827 1852 892 1889 καὶ
917 1841 1137 1901 ἀπόόῥητος
1165 1849 1226 1890 vi.
1253 1853 1336 1890 608.
1365 1853 1422 1889 10.
1443 1849 1578 1899 ἀκλεὴς
1604 1849 1668 1886 καὶ
1690 1846 1887 1894 ἀπόθετος
1908 1849 2005 1888 Plut.
2027 1849 2093 1888 111.
2117 1852 2203 1888 448.
2234 1854 2276 1894 1;

162 1907 232 1945 hoc
257 1908 341 1946 loco
368 1913 426 1945 est
452 1910 607 1947 relative
634 1911 799 1959 positum
819 1911 1048 1957 significans,
1075 1911 1282 1957 „liberatus
1307 1911 1434 1959 aliqua
1461 1915 1534 1955 re“,
1560 1913 1602 1946 ut
1626 1909 1752 1954 verba,
1780 1920 1874 1957 quae
1900 1909 2002 1957 apud
2030 1909 2125 1946 alios
2153 1910 2275 1957 scrip-

160 1972 263 2005 tores
297 1967 471 2014 relative,
505 1968 545 2006 in
582 1973 711 2007 nostra
746 1969 915 2007 oratione
951 1969 1120 2008 absolute
1157 1970 1284 2019 posita
1320 1969 1583 2014 inveniuntur,
1623 1970 1646 2014 ξ
1676 1972 1732 2007 16.
1768 1968 1975 2017 πρόφασιν.
2025 1968 2047 2019 ξ
2083 1972 2117 2007 6.
2152 1969 2278 2017 λέγειν

160 2026 258 2076 ἢμὴ
282 2031 459 2073 ξυνεῖναι.
518 2026 541 2075 ξ
575 2030 609 2065 8.
644 2034 716 2066 τοῦ
750 2030 942 2077 λέγοντος.
1002 2030 1025 2074 ξ
1063 2033 1119 2067 12.
1151 2029 1509 2078 ἀπαγγελλομένοις.
1539 2048 1589 2053 -
1625 2025 1742 2063 Verbi
1776 2030 2082 2078 παρακαταθήκη
2117 2028 2277 2075 propria

161 2085 384 2133 significatio
419 2085 607 2124 invenitur
637 2087 724 2137 Lys.
751 2088 909 2128 XXXII.
948 2093 982 2128 5.
1011 2094 1067 2128 13.
1096 2093 1154 2128 16.
1189 2089 1279 2136 „rei‚
1316 2089 1499 2137 pecuniae
1535 2086 1638 2136 apud
1672 2086 1833 2135 aliquem
1867 2087 2081 2137 depositae,
2115 2087 2275 2135 alicujus

159 2145 245 2181 fidei
270 2145 637 2190 commissae¹⁰⁰)“;
671 2151 801 2184 nostro
835 2148 918 2184 loco
949 2148 1176 2185 senteutiam
1211 2148 1389 2196 exprimit
1424 2146 1587 2192 imagine
1622 2145 1804 2193 quadam,
1841 2147 1903 2194 qui
1940 2146 2088 2194 quidem
2126 2157 2216 2182 usus
2252 2157 2276 2182 a

159 2203 297 2253 Lysiae
324 2215 493 2242 sermone
520 2204 668 2243 dicendi
703 2205 811 2243 valde
836 2205 1026 2253 abhorret,
1061 2212 1098 2245 et
1126 2207 1265 2245 dicitur
1304 2207 1350 2245 de
1377 2205 1613 2245 sermonibus
1640 2204 1844 2243 amicorum
1863 2205 1948 2243 fidei
1977 2205 2139 2243 oratoris
2171 2216 2273 2242 com-

159 2264 299 2302 missis.
318 2286 367 2290 —
383 2264 483 2301 διότι
497 2264 709 2312 conjunctio
728 2275 797 2313 pro
819 2263 880 2302 ὅτι
900 2276 975 2302 non
999 2265 1111 2303 modo
1142 2265 1245 2315 apud
1265 2266 1496 2314 posteriores
1523 2264 1713 2301 invenitur
1739 2269 1776 2301 et
1803 2264 1904 2314 apud
1933 2264 2132 2302 [socratem
2160 2274 2275 2312 saepe

158 2335 228 2372 pro
257 2322 318 2362 ὅτι
343 2324 467 2361 hiatus
495 2324 660 2362 evitandi
688 2328 912 2369 causa¹⁰¹),
939 2325 1005 2362 sed
1033 2325 1146 2363 etiam
1175 2326 1214 2362 in
1242 2325 1377 2374 Lysiae
1403 2324 1637 2362 orationibus
1663 2324 1758 2372 ipsis
1786 2325 1902 2363 oculis
1929 2324 2068 2361 nostris
2096 2324 2274 2362 occurrit.

159 2382 222 2421 III.
252 2386 308 2421 17.
336 2387 394 2422 26.
448 2382 509 2422 [V.
539 2387 595 2422 12.
645 2382 745 2421 XIII.
770 2386 827 2422 5Ο.
852 2386 909 2422 54.
939 2386 999 2422 85.
1027 2387 1084 2423 96.
1135 2384 1256 2423 XVII.
1284 2389 1318 2424 3.
1350 2388 1383 2423 5.
1411 2389 1445 2423 6.
1496 2383 1597 2422 XVI.
1627 2388 1659 2423 7.
1697 2390 1841 2433 γνῶναι
1880 2384 1990 2429 διότι,
2027 2382 2126 2432 quod
2166 2382 2275 2420 libris

157 2442 340 2479 traditum
377 2454 507 2480 omnes
534 2443 719 2481 editiones
742 2447 981 2480 mutaverunt
1013 2444 1052 2480 in
1086 2450 1250 2492 γνῶναι,
1286 2443 1358 2481 ὅτι.
1384 2466 1433 2470 -
1457 2445 1503 2481 τὸ
1530 2444 1624 2491 ἐμὸν
1652 2444 1928 2482 circumscribit
1952 2454 2160 2491 pronomen
2187 2442 2275 2489 ἐγὼ.

332 2537 370 2575 ⁹⁵)
391 2537 582 2576 Hoelscher,
604 2546 633 2568 a.
656 2546 684 2568 a.
709 2537 744 2569 Ο.
766 2548 796 2577 p.
819 2539 869 2568 73.
913 2538 951 2576 ⁹⁶)
975 2538 1122 2578 Scheibe,
1146 2540 1178 2570 J.
1202 2540 1233 2570 J.
1248 2541 1302 2577 31,
1321 2539 1391 2569 865.
1436 2540 1474 2577 9')
1497 2539 1609 2570 Morus
1627 2540 1668 2570 ad
1684 2539 1839 2570 Isocratis
1857 2540 1974 2577 Paneg.
1999 2547 2025 2568 c.
2045 2536 2070 2566 Ι.
2087 2546 2117 2566 n.
2143 2538 2171 2566 1.
2195 2546 2226 2575 p.
2243 2538 2276 2568 5.

157 2586 198 2621 ⁹⁸)
221 2586 416 2627 Schneider,
445 2587 543 2619 Isocr.
574 2587 599 2619 Ι.
630 2590 658 2620 3.
686 2588 742 2619 ΙΧ.
764 2591 794 2621 8.
843 2590 880 2627 ⁹⁹)
910 2589 1057 2629 Stutzer,
1086 2590 1224 2621 Hermes
1253 2589 1339 2620 XIV.
1373 2590 1441 2620 544.
1496 2590 1550 2628 ¹⁰⁰)
1578 2589 1696 2622 Meier·
1707 2590 1924 2628 Schoemann,
1953 2598 1985 2620 a.
2013 2598 2042 2619 a.
2076 2585 2112 2617 Ο.
2141 2596 2173 2626 p.
2203 2587 2275 2617 513·

159 2638 210 2676 ¹⁰¹)
231 2637 398 2678 Benseler‚
421 2639 471 2671 ed.
493 2638 592 2671 Isocr.
616 2639 677 2672 vol.
700 2639 726 2672 I.
748 2650 779 2680 p.
801 2640 839 2672 V.
863 2650 893 2672 n.
916 2643 946 2672 4.

2031 2698 2073 2728 3*
